3237 5131
2735 329 2856 394 129

242 471 447 542 [adm
468 473 888 626 104785‘02111322
932 547 1220 606 attamen
1250 532 1669 604 coniectura
1676 529 2096 636 νὸνὸνῃμὲνω
2125 537 2178 600 Β
2183 536 2455 601 enselem
2485 559 2603 602 ¹1⁰⁸
2636 557 2857 642 stuper-

568 630 788 693 sedere
834 648 1023 712 posse
1071 626 1426 692 concedere
1470 624 1822 707 prohibeor
1851 625 2230 705 insequente
2270 624 2614 706 participio
2656 616 2856 688 ςἐκλε-

565 712 881 784 λοιπότες.
944 751 1029 762 -
1090 713 1330 778 Contra
1389 718 1566 776 recte
1628 711 1916 776 Blassius
1980 715 2042 772 Γ
2095 710 2382 774 deseruit
2439 710 2530 774 IX
2581 713 2680 789 72,
2747 711 2859 775 ubi

567 823 782 866 verum
828 825 884 864 π
885 822 1145 907 ρογεγεν
1172 796 1383 882 μένων
1426 799 1531 878 Δς
1572 799 1862 878 tradunt,
1913 802 1975 859 Γ
2012 797 2392 862 mendosum
2435 792 2860 895 γεγενημένων

571 882 713 972 (‘.Cf
748 889 782 972 ἓ
820 893 921 952 70.
920 883 1148 972 ²)iexh
1198 892 1280 952 et.
1330 885 1595 950 Duobus
1627 890 1881 949 tantum
1925 883 2104 961 locis,
2155 883 2328 966 quod
2375 885 2595 962 sciam,
2644 883 2858 948 hiatus

566 975 809 1040 vitandi
856 973 1069 1040 studio
1116 979 1338 1039 orator
1381 977 1456 1037 ut
1484 971 1773 1056 regulam
1804 971 2098 1038 laederet
2137 976 2398 1038 coactus
2448 977 2578 1052 est;
2624 971 2743 1034 VII
2779 975 2857 1034 10

564 1058 727 1146 πρὸς
771 1059 843 1126 δὲ
886 1057 1036 1137 τοὺς
1067 1054 1377 1168 (Έλληνας
1420 1055 1914 1171 διαβεβλημένῳ
1973 1054 2088 1122 καὶ
2148 1059 2240 1144 τῷ
2285 1053 2592 1163 βαρβάρω
2653 1055 2855 1124 πολέ-

568 1171 710 1228 μιοι
754 1145 1152 1254 γεγονότες,
1216 1169 1341 1213 ετι
1386 1145 1440 1210 δ’
1488 1183 1570 1194 ·-
1614 1137 2086 1253 ἠναγκασμένοι
2131 1184 2213 1193 -
2218 1141 2406 1249 soeg
2449 1144 2506 1208 δ’
2556 1181 2636 1190 --
2683 1138 2856 1210 nino-

567 1231 917 1311 λωλεκότες
961 1240 1027 1298 et
1070 1233 1191 1298 Xll
1260 1237 1383 1297 209
1444 1253 1509 1296 οι
1570 1256 1689 1314 μεν
1730 1230 1854 1338 γὰρ
1913 1226 1994 1295 ἂν
2051 1234 2314 1337 φανεῖεν
2359 1230 2624 1296 πολλῶν
2675 1255 2858 1384 weg&

562 1316 784 1425 μάτων
848 1319 963 1386 καὶ
1032 1316 1337 1410 μαθηταὶ
1402 1316 1519 1383 καὶ
1591 1317 1978 1384 διδασκαλοι
2043 1313 2445 1406 γεγονότες,
2517 1305 2720 1383 οὗτοι

566 1431 723 1473 uve.-
708 1459 727 1489 ,
793 1407 1024 1472 horum
1078 1412 1296 1472 autem
1357 1407 1682 1489 posterior
1739 1405 1896 1472 mihi
1954 1405 2134 1470 locus
2193 1411 2541 1503 propterea
2602 1427 2856 1488 quoque

565 1493 931 1560 afferendus
1002 1500 1161 1573 erat,
1236 1499 1310 1558 ut
1385 1492 1579 1557 aliam
1658 1492 1952 1558 eiusdem
2011 1492 2320 1558 orationis
2379 1492 2856 1599 paragraphum

568 1582 751 1664 (101)
800 1582 1191 1688 expedirem,
1238 1581 1303 1644 in
1348 1601 1477 1686 qua
1521 1579 1794 1685 legimus
1841 1602 1921 1644 ex
1962 1584 2024 1642 Γ
2061 1574 2226 1644 ὥστε
2272 1575 2602 1656 δικαίως
2575 1604 2656 1643 αν
2685 1575 2854 1644 ἐκεί-

564 1691 697 1746 νοις
750 1665 867 1750 μὲν
912 1663 1199 1744 ἅπαντες
1242 1661 1653 1773 ἕγκαλέσειαν
1711 1660 1800 1744 ὡς
1825 1659 2185 1772 ἇρχηγοῖς
2220 1664 2652 1754 γεγενημένοις
2712 1664 2854 1730 καὶ

564 1752 1076 1820 διδάσκαλοι
1122 1755 1253 1818 τῶν
1295 1749 1607 1818 τοιούτων
1651 1750 2100 1838 γεγόνασιν
2158 1775 2372 1859 εργων,
2435 1775 2578 1816 cum
2626 1753 2856 1818 ultima

562 1841 628 1904 in
674 1863 713 1920 ς
753 1843 851 1912 sic
897 1847 1149 1906 extent:
1190 1833 1332 1906 ‘ml
1376 1838 1796 1917 διδασκάλοις
1839 1841 1968 1904 τῶν
2009 1837 2321 1904 τοιούτων
2388 1833 2622 1926 ἔργων.)
2687 1841 2854 1904 Ben-

562 1929 804 1993 selerus
836 1929 986 1993 inde
1011 1928 1341 1993 Urbinatis
1371 1926 1715 1992 lectionem
1746 1926 2078 2009 amplexus
2108 1927 2501 2009 transcripta
2533 1949 2688 1992 voce
2751 1950 2856 2012 γε-

563 2009 923 2120 γόνασιν’
952 2016 1016 2078 in
1042 2007 1480 2112 ‘yeyovo'ow'
1508 2013 1760 2080 Blassio
1784 2013 2183 2078 rectissimae
2207 2015 2645 2077 annotationis
2669 2015 2851 2078 dedit

564 2123 819 2167 ansam:
861 2095 1059 2183 ‘quod
1109 2103 1161 2166 si
1208 2122 1427 2165 verum
1460 2107 1577 2179 est,
1621 2101 1964 2165 delendum
1995 2093 2474 2207 γεγενημένοις·
2462 2151 2476 2178 ,
2509 2107 2578 2164 at
2609 2101 2848 2164 Bense-

527 2225 531 2228 -
564 2189 733 2252 ierus
753 2189 1009 2268 erravit,
1045 2189 1197 2270 quia
1215 2210 1293 2252 ex
1323 2209 1443 2252 usu
1472 2189 1800 2252 Isocrateo
1840 2183 2270 2292 γεγενημένοις
2305 2187 2671 2292 requiritur
2731 2187 2852 2252 De-

562 2274 755 2339 lenda
784 2277 979 2358 igitur
1023 2276 1222 2340 verba
1267 2269 1473 2339 sunt‘
1481 2272 1592 2338 καὶ
1627 2270 2008 2339 διδασκαλοι
2019 2266 2349 2379 γεγόνασι>
2383 2273 2852 2356 legendumque

564 2355 650 2438 ὡς
679 2356 981 2449 αρχηγοῖς
1022 2359 1450 2449 γεγενημένοις
1493 2363 1621 2424 τῶν
1652 2357 1960 2426 τοιούτων
1991 2356 2202 2448 ε’ργων.
2251 2360 2501 2424 Etenim
2549 2362 2854 2440 magister

563 2448 843 2528 quidam,
893 2450 1044 2513 dum
1092 2457 1353 2513 enarrat
1396 2449 1566 2513 hunc
1612 2450 1844 2529 locum,
1894 2451 1977 2513 ad
2026 2451 2059 2533 ξ
2110 2453 2231 2512 209
2280 2449 2608 2511 auditores
2669 2469 2850 2512 r-evo

566 2555 716 2598 cans
764 2535 995 2615 effecit,
1045 2542 1118 2600 ut
1162 2558 1325 2600 unus
1374 2558 1453 2600 ex
1494 2535 1593 2600 his
1642 2535 1742 2601 vel
1793 2536 2012 2618 plures
2076 2536 2142 2599 in
2189 2534 2481 2617 exemplo
2527 2535 2852 2600 Isoclateo

564 2624 735 2703 quod
782 2624 1093 2687 tenebant
1138 2624 1591 2688 inscriberent:
1640 2621 1753 2686 καὶ
1795 2621 2179 2687 διδάσκαλοι
2210 2618 2524 2706 γεγόνασι.
2574 2621 2852 2687 Videsne

565 2709 731 2773 unde
756 2710 864 2773 ille
889 2711 1319 2774 nominativus
1345 2716 1410 2773 et
1435 2710 1858 2774 indicativus?
1889 2710 2175 2773 Fuerunt
2196 2710 2263 2771 in
2288 2708 2654 2793 archetypO,
2675 2711 2853 2774 cuius

562 2796 846 2860 maculas
878 2796 1162 2860 fideliter
1194 2802 1405 2860 servat
1427 2801 1484 2857 Γ
1503 2796 1545 2877 ῐ)
1567 2846 1581 2873 ‚
1614 2818 1653 2873 ς
1680 2796 2026 2877 eleganter,
2057 2801 2368 2877 quantum
2390 2795 2458 2859 id
2481 2796 2621 2859 fieri
2651 2795 2851 2875 licuit,

562 2883 851 2963 genuinis
896 2884 1107 2948 verbis
1140 2883 1467 2965 *adaptata
1512 2881 1806 2961 exhibet,
1868 2884 1962 2946 ita
2006 2883 2140 2965 fere
2185 2879 2415 2945 literae
2471 2883 2850 2963 discriptae:

934 2994 1023 3045 καὶ
1064 2992 1392 3045 διδάσκαλοι
1426 3014 1504 3057 γε,
1509 2990 1683 3044 Ὴόναοι

561 3086 1175 3253 γὶἶὲνημὲνοιςκτᾶῦν
1217 3088 1532 3239 τοιούτωέ
1572 3084 1789 3254 ἷργῖον.
1812 3090 2147 3240 tMagister
2180 3088 2596 3240 anteffilffle'
2659 3111 2852 3239 qugm

559 3176 944 3326 illustrgretgt
980 3188 1708 3361 ὥσπξὲῗτᾞῗθιῖἓθιξτιὲν.
1719 3200 1807 3309 LI
1830 3177 2337 3328 ἑέοὲἓῗιῗήὶθῖιιξε
2371 3262 2450 3327 de
2475 3197 2852 3345 ggi'ltlilitlzildr

562 3368 640 3410 ex
686 3351 916 3412 ceteris
962 3348 1231 3456 perfecti
1276 3349 1498 3413 formis
1550 3371 1682 3431 eas,
1731 3372 1890 3431 quas
1923 3372 1963 3414 a
2000 3343 2272 3415 radice
2279 3345 2409 3433 yov'
2461 3350 2660 3428 duxit,
2700 3371 2849 3432 pro-

560 3433 710 3498 tulit
754 3436 865 3516 eis,
914 3457 1079 3517 quae
1126 3460 1165 3502 a
1204 3430 1380 3522 ε’γενε
1450 3437 1840 3516 derivantur,
1903 3437 1956 3501 si
2000 3436 2150 3501 illae
2197 3443 2527 3518 assumpto
2583 3460 2617 3499 ν
2659 3458 2848 3520 par-a

472 3622 505 3691 ¹)
546 3622 836 3677 Correctus
874 3628 924 3673 Γ
954 3624 1064 3677 iam
1100 3624 1323 3677 videtur
1356 3623 1458 3676 XV
1498 3625 1596 3676 168
1637 3618 1774 3690 ὁρῶν
1811 3618 1860 3671 δ”
1868 3618 1933 3672 οὐ
1967 3621 2133 3682 μόνον
2171 3618 2443 3675 δυσκόλοις·
2479 3622 2852 3682 διακειμένους

246 3710 373 3777 περὶ
412 3706 513 3775 τήν
550 3711 657 3761 τῶν
692 3710 862 3773 λόγων
898 3711 1161 3762 παιδείαν
1196 3707 1327 3763 τούς·
1362 3708 1704 3769 εἰθισμένους·
1761 3703 1938 3760 ἅπασι
1985 3709 2352 3771 χαλεπαίνειν,
2415 3704 2551 3759 ἀλλά
2607 3710 2698 3759 καὶ
2744 3709 2851 3761 τῶν

248 3788 419 3845 ἄλλων
458 3798 696 3848 πολιτιῗίν
732 3794 966 3851 πολλοὺς·
1002 3802 1247 3867 τραχέως·
1281 3793 1423 3865 πρὸς
1459 3794 1632 3863 αὐτην
1673 3798 2055 3865 διακειμένους,
2093 3792 2410 3861 ἐφοβούμην,
2448 3794 2519 3861 μή
2560 3798 2678 3865 κτὲ;
2717 3814 2849 3850 sana

244 3883 540 3935 verborum
577 3884 871 3937 collocatio
904 3903 1017 3937 non
1053 3890 1153 3952 est,
1192 3885 1323 3952 quia
1359 3885 1631 3937 sententia
1667 3884 1972 3953 flagitatur,
2009 3888 2072 3935 ut
2123 3884 2289 3937 verba
2327 3880 2458 3936 τούς
2513 3881 2850 3943 εἰθισμένους

250 3962 427 4019 ἅπασι
463 3970 813 4030 χαλεπαίνειν
843 3972 995 4025 1111110
1020 3972 1314 4025 intervallo
1339 3972 1668 4039 interposito
1695 3971 1976 4039 excipiant
1994 3969 2133 4024 illud
2159 3966 2224 4021 oti
2251 3968 2444 4037 μόνον;
2484 3970 2631 4039 quod
2654 3989 2725 4024 ne
2749 3970 2848 4024 fiat

246 4054 557 4124 impediunt
590 4052 907 4111 ‘dvoncikwm
924 4097 936 4109 .
954 4099 965 4110 .
984 4054 1279 4125 παιδείαν,
1316 4058 1373 4110 in
1400 4058 1597 4125 quibus
1617 4062 1805 4111 orator
1826 4062 1881 4111 et
1901 4054 2039 4126 πρὸς
2065 4057 2194 4124 (11011
2218 4059 2362 4125 περὶ)
2389 4057 2632 4111 scribere
2656 4058 2848 4111 debuit

246 4146 301 4195 et
336 4142 545 4196 evitare
580 4143 731 4196 vocis
768 4162 820 4211 q.
858 4162 903 4198 e.
944 4146 1313 4204 διακειμένους
1347 4145 1755 4213 repetitionem,
1792 4144 1852 4197 id
1889 4144 2036 4213 quod
2071 4144 2346 4212 Kayserus
2382 4143 2612 4198 monuit.
2663 4145 2846 4199 Verba

246 4229 384 4282 bene
410 4246 469 4281 se
505 4228 791 4299 haberent,
832 4231 878 4283 si
915 4235 1157 4285 extaret:
1196 4229 1260 4283 οὐ
1298 4232 1461 4290 μόνον
1497 4228 1630 4285 τούς·
1655 4230 1993 4289 εἰθισμένους·
2019 4226 2195 4281 ἅπασι
2221 4232 2568 4292 χαλεπαίνειν
2593 4226 2733 4283 ἀλλὰ
2758 4233 2845 4281 καὶ

244 4316 351 4365 τοῖν
390 4309 563 4367 ἄλλων
604 4319 841 4367 πολιτῶν
879 4316 1112 4372 πολλούς·
1146 4324 1390 4387 τραχέως·
1426 4316 1566 4389 πρὸς·
1614 4318 1714 4385 τήν
1761 4320 1866 4369 τῶν
1924 4317 2092 4381 λόγων
2143 4318 2406 4370 παιδείαν
2461 4320 2846 4378 διακειμένους.

248 4402 529 4456 Glossema
563 4404 736 4471 priori
774 4404 920 4472 parti
958 4404 1175 4459 illatum
1213 4406 1411 4473 effecit,
1448 4410 1511 4459 ut
1547 4408 1823 4475 posterior
1857 4410 2164 4460 mutaretur
2201 4402 2454 4476 (αι’τὴν);
2504 4424 2680 4475 neque
2715 4423 2846 4461 vero

247 4506 441 4543 manus
479 4490 761 4559 corrigens
799 4507 939 4557 quae
977 4508 1230 4547 sermone
1268 4510 1331 4547 ac
1370 4494 1652 4547 sententia
1697 4494 2052 4562 postulantur
2089 4493 2226 4547 lenis
2264 4498 2426 4547 esset.

365 4604 519 4653 Keil,
549 4604 785 4643 Analecta.
814 4604 1043 4645 Isocratea
2501 4602 2533 4651 9
