3237 5131
456 344 534 406 76

454 480 573 558 Qui
619 503 854 548 nonam
897 482 1067 548 inter
1112 482 1650 550 demonstrativas
1697 490 1763 550 et
1803 483 2128 550 suasorias
2171 482 2408 587 posuit,
2455 503 2602 551 eum
2649 506 2730 550 ex
2774 481 3023 550 consilio

453 570 733 652 quodam
773 577 839 635 et
882 576 1187 636 accurata
1230 571 1728 655 uniuscuiusque
1771 578 2040 638 naturae
2087 573 2451 656 cognitione
2497 573 2823 639 orationes
2868 573 3024 638 ordi-

452 678 641 722 nasse
699 678 888 722 nemo
949 659 1230 742 negabit.
1319 659 1544 742 Neque
1603 660 1814 724 minus
1872 660 2190 726 rationem
2246 660 2626 741 redactoriS,
2694 660 2803 741 qui
2863 666 3023 724 certo

453 745 732 844 quodam
778 745 1042 811 consilio
1098 747 1335 812 ductus
1394 768 1627 830 corpus
1673 749 2049 846 composuit,
2110 748 2178 812 id
2229 748 2450 830 prodit
2491 747 2666 829 quod
2711 751 2786 811 et
2821 768 3026 811 suaso-

448 832 690 895 riarum
751 833 1546 916 demonstrativarumque,
1609 835 1840 916 quibus
1895 856 2050 900 8300
2114 833 2359 918 aliquid
2419 855 2754 899 commune
2804 839 2917 913 est,
2971 839 3028 898 et

396 958 399 961 -
450 918 1013 984 deliberativamm
1058 925 1125 985 et
1162 921 1645 986 iudiciariamm
1688 927 1990 1004 septenas
2017 921 2364 986 habemus·
2350 973 2365 1002 ,
2409 921 2534 986 1100
2563 921 2831 986 fortuito
2873 920 3024 985 acci-

448 1005 620 1070 disse
664 1007 789 1070 vix
814 1007 1151 1090 quisquam
1198 1010 1558 1091 sumpserit.

655 1093 926 1159 Accedit
968 1094 1273 1159 alterum.
1322 1117 1406 1160 an
1446 1102 1520 1162 tu
1566 1117 1720 1162 casu
1763 1096 2008 1162 factum
2038 1116 2179 1162 esse
2220 1096 2456 1176 credis,
2487 1100 2561 1160 ut
2589 1116 2672 1160 ex
2705 1093 3026 1178 sexaginta

451 1180 850 1246 orationibus
895 1202 1060 1265 quae
1104 1182 1311 1265 primo
1357 1205 1414 1248 a.
1440 1182 1585 1247 Chr.
1631 1205 1692 1250 n.
1739 1184 1998 1249 saeculo
2044 1183 2164 1250 sub
2203 1183 2507 1248 Isocratis
2559 1184 2818 1248 nomine
2875 1183 3025 1246 fere-

448 1268 685 1333 bantur
730 1268 975 1355 ([Plut.]
1009 1291 1103 1334 vv.
1148 1293 1208 1334 x.
1245 1292 1337 1336 or.
1368 1291 1429 1353 p.
1463 1270 1653 1350 838⁴¹3
1709 1271 1892 1336 Phot.
1939 1271 2092 1336 bibl.
2141 1271 2281 1336 cod.
2345 1275 2547 1353 260p.
2567 1269 2849 1353 48612B.)
2905 1275 3026 1333 tam

449 1377 660 1438 pauca
705 1357 990 1439 exceptis
1034 1358 1273 1422 nostris
1316 1358 1540 1440 viginti
1586 1362 1654 1421 et
1695 1380 1825 1425 una
1870 1358 2268 1423 orationibus
2313 1363 2569 1422 servata
2597 1357 2728 1422 sint
2765 1356 3026 1444 frustula

447 1441 554 1525 (cf.
559 1442 724 1530 [cap.
747 1442 840 1507 III
864 1444 1173 1530 exc.1d.,)
1206 1449 1281 1510 ut
1304 1444 1622 1527 Sauppius
1651 1444 1813 1511 haec
1837 1445 2033 1511 etiam
2064 1450 2176 1510 aut
2204 1462 2323 1528 pro
2355 1445 2714 1510 subditiciis
2739 1430 3028 1511 113110οᾶ3

444 1535 558 1595 aut
602 1531 730 1596 alio
775 1532 970 1596 modo
1014 1531 1404 1597 removenda
1450 1553 1590 1597 esse
1638 1533 1760 1597 sibi
1790 1533 2214 1616 persuaderet
2243 1532 2346 1614 (O.
2379 1532 2453 1597 A.
2484 1531 2547 1596 Π
2579 1533 2778 1615 227)‘?
2813 1532 3022 1613 Atque

443 1616 813 1683 obliteratio
857 1618 972 1683 illa
1014 1619 1282 1702 triginta
1324 1638 1553 1684 novem
1598 1621 1961 1684 orationum
2007 1641 2151 1684 eam
2198 1619 2279 1683 ob
2325 1641 2465 1683 rem
2498 1620 2693 1684 etiam
2721 1619 3023 1684 maiorem

448 1710 664 1769 movet
706 1705 1218 1788 admirationem,
1280 1705 1452 1788 quod
1511 1728 1626 1771 eae
1687 1708 1918 1789 quibus
1978 1728 2096 1784 nos
2140 1706 2412 1770 fruimur
2455 1712 2716 1789 praeter
2745 1723 2953 1770 'unam
2979 1707 3019 1786 ¹)

444 1813 664 1857 omnes
709 1793 776 1856 in
824 1794 1232 1875 antiquorum
1277 1793 1660 1876 scriptorum
1706 1794 1885 1860 libris
1945 1800 2058 1859 aut
2118 1792 2498 1858 adferuntur
2541 1799 2654 1861 aut
2709 1794 3022 1875 excriptae

441 1879 758 1959 leguntur,
811 1901 1004 1962 quam
1033 1902 1173 1946 rem
1203 1881 1419 1945 nescio
1466 1901 1595 1965 qua
1638 1882 1889 1947 ratione
1936 1881 2371 1964 explicaturus
2417 1881 2522 1962 sis,
2569 1880 2693 1945 nisi
2732 1879 3022 1944 statueris

440 1988 480 2030 a
510 1967 949 2047 grammatico,
983 1967 1161 2032 cuius
1194 1967 1545 2032 auctoritas
1578 1968 1923 2050 plurimum
1955 1968 2127 2051 apud
2157 1972 2408 2032 veteres
2437 1967 2730 2049 valuerit,
2780 1971 3022 2031 nostras

441 2053 765 2118 orationes
823 2060 897 2118 ut
954 2055 1263 2137 genuinas
1321 2075 1599 2138 vereque
1645 2055 2006 2121 Isocrateas
2065 2056 2132 2120 in
2190 2076 2389 2119 unum
2434 2075 2666 2138 corpus
2712 2053 3021 2130 redactas,

441 2146 689 2205 ceteras
734 2145 807 2205 ut
852 2143 1103 2224 spurias
1150 2142 1531 2208 dubiosasve
1578 2143 1864 2208 abiectas
1914 2143 2369 2226 neglectasque
2417 2163 2576 2207 esse.
2649 2141 2769 2206 Cui
2818 2147 3022 2208 autem

441 2228 644 2292 aetati
703 2227 817 2293 illa
877 2229 1229 2296 auctoritas
1284 2228 1713 2296 adscribenda
1764 2232 1867 2310 sit,
1933 2235 2162 2314 postea
2223 2229 2615 2295 videbimus:
2675 2250 2850 2294 nunc
2895 2250 3023 2294 cum

438 2335 578 2378 nec
601 2313 965 2380 Priscianus
1009 2337 1129 2380 nec
1159 2315 1436 2380 Bekkeri
1464 2316 1673 2381 lexica
1705 2317 1812 2401 (cf.
1845 2338 1983 2400 cap.
2014 2316 2177 2382 ΠΙΙ.
2210 2338 2262 2381 0.
2287 2317 2406 2399 frg.
2441 2319 2506 2402 7)
2554 2316 3022 2400 deperditarum

443 2401 806 2466 orationum
851 2402 1127 2468 frustula
1191 2403 1543 2486 proferant,
1606 2404 1764 2468 satis
1820 2403 2030 2470 habeo
2085 2405 2411 2470 monuisse
2472 2425 2787 2470 canonem
2839 2403 3018 2478 illum,

347 2548 352 2555 ,
439 2489 548 2571 qui
607 2488 817 2554 nullas
877 2490 1202 2555 orationes
1259 2490 1383 2554 nisi
1443 2496 1699 2555 nostras
1755 2491 2322 2575 complectebatur,
2383 2513 2646 2557 necesse
2705 2511 2850 2555 0880
2906 2489 3018 2553 iam

438 2576 644 2641 altero
704 2599 766 2659 p.
816 2576 961 2642 Chr.
1019 2600 1083 2646 0.
1142 2578 1402 2643 saeculo
1468 2579 1687 2647 fuisse.
1788 2576 1927 2645 Iam
1985 2579 2177 2647 velim
2233 2600 2485 2648 mecum
2545 2583 2811 2663 reputes
2869 2595 3017 2660 quae

436 2664 739 2730 vidimus:
801 2665 1139 2747 legebatur
1198 2666 1403 2731 altero
1448 2689 1509 2749 p.
1557 2665 1704 2733 Chr.
1749 2689 1812 2731 n.
1868 2666 2126 2732 83001110
2174 2688 2405 2750 corpus
2465 2665 2688 2749 viginti
2734 2671 2805 2730 et
2847 2664 3015 2730 unius

436 2751 802 2816 orationum
843 2751 1344 2819 Isocratearum:
1390 2755 1612 2837 viginti
1660 2758 1727 2818 et
1766 2775 1960 2820 unam
1987 2775 2106 2823 nos
2135 2754 2441 2836 legimus3
2487 2754 2767 2836 optimus
2814 2756 3018 2822 noster

433 2838 600 2904 liber
661 2844 723 2902 Γ
773 2840 1135 2906 orationum
1188 2842 1678 2923 dispositionem
1737 2842 2087 2909 secundum
2144 2863 2248 2908 res
2308 2845 2623 2930 tractatas
2670 2839 3016 2905 confectam

433 3058 541 3109 τοῦ
578 3055 819 3121 ζεύγους,
843 3057 1296 3129 numentum->3
1330 3061 1702 3129 sequebantur
1737 3058 2030 3127 orationes,
2050 3076 2189 3128 (11130
2237 3058 2462 3112 nomina
2495 3056 2721 3127 propria
2757 3056 2820 3109 in
2854 3052 3014 3109 titulis

434 3163 567 3214 prae
588 3162 644 3199 se
663 3146 941 3203 ferebant:
982 3168 1007 3197 κ
1030 3167 1067 3200 α
1084 3144 1159 3199 τοὶ
1194 3146 1443 3209 Λοχίτου
1479 3143 1562 3217 ’[πτ
1581 3168 1620 3197 α
1640 3143 1898 3217 paream}
1936 3143 2083 3215 πρὸς
2105 3145 2483 3211 Καλλίμαχον,
2520 3162 2564 3198 π
2583 3164 2614 3214 ρ
2635 3139 2696 3196 ὸς
2730 3140 3014 3200 Εὐθύνοιψ

435 3232 812 3304 ἀμάρτυρος];
860 3233 1000 3288 duae
1037 3234 1139 3289 1130
1175 3235 1503 3289 novissimae
1540 3221 1836 3303 orationes,
1886 3252 2027 3302 quae
2062 3237 2256 3288 extant
2299 3234 2358 3286 in
2393 3234 2506 3285 ΛΞ
2521 3252 2567 3301 ς,
2604 3231 2770 3286 facile
2807 3228 3012 3285 interci-

433 3320 653 3374 derunt.
688 3322 782 3371 ΖΘ
808 3322 945 3373 nihil
969 3323 1295 3390 probantut
1320 3324 1549 3376 selectas
1574 3324 1852 3376 orationes
1875 3322 2216 3392 exhibentes,
2241 3339 2419 3390 neque
2447 3320 2748 3374 auctoritas
2777 3319 3013 3373 codicum

432 3407 537 3458 ΔΕ
569 3408 863 3476 quicquam
898 3410 1063 3478 valet,
1102 3410 1305 3480 quippe
1342 3410 1436 3482 qui
1472 3410 1578 3484 ipsi
1616 3410 1962 3479 aliquatenus
2001 3428 2070 3463 ex
2093 3412 2143 3459 Γ
2165 3395 2459 3482 pendeant.
2496 3407 2648 3461 Haec
2687 3406 2841 3462 dicta
2865 3407 3011 3459 sunto

433 3498 630 3547 contra
664 3495 895 3549 Martini
934 3497 1005 3572 (le
1041 3498 1344 3564 manuscrit
1392 3502 1496 3553 etc.
1546 3515 1603 3566 p.
1654 3498 1708 3567 5)
1755 3498 1954 3552 verba:
2013 3492 2100 3551 ‘Je
2135 3514 2206 3549 00
2241 3499 2382 3556 mets
2419 3513 2518 3568 pas
2556 3511 2625 3548 au
2660 3495 2894 3548 nombre
2927 3490 3010 3543 des

432 3582 656 3635 lacunes
691 3583 772 3635 les
809 3583 1056 3656 discours
1098 3588 1162 3636 18
1201 3589 1391 3639 contre
1430 3584 1771 3652 Callimaque
1808 3588 1866 3639 et
1902 3587 1964 3638 21
2007 3587 2199 3638 contre
2222 3582 2568 3653 Euthunous,
2607 3599 2696 3635 ces
2734 3581 2878 3639 deux
2913 3577 3008 3630 dis-

432 3686 593 3722 cours
646 3670 873 3739 n’ayant
918 3672 1119 3741 jamais
1167 3674 1356 3743 partie,
1397 3672 1465 3726 (10
1514 3671 1810 3742 l’Urbinas‚
1864 3676 1922 3727 et
1968 3673 2282 3743 manquant
2321 3670 2456 3725 dans
2515 3669 2789 3740 plusieurs
2839 3669 3008 3721 autres

430 3754 793 3810 manuscrits?
1873 3751 1879 3758 ⁸

646 3844 683 3912 ¹)
720 3843 872 3899 Haec
909 3849 993 3899 est
1028 3847 1205 3900 oratio
1244 3844 1386 3899 κατοὶ
1421 3846 1674 3909 Λοχίτου
1725 3847 1869 3917 (ΧΧ)
1918 3864 2085 3919 quam
2132 3845 2280 3900 solus
2325 3844 2553 3902 Photius
2590 3844 2650 3897 in
2706 3844 3006 3897 orationum

430 3931 833 3986 Isocratearum
869 3933 1053 3987 indice
1086 3938 1384 3999 memorat3
1424 3935 1573 4004 quod
1608 3952 1713 4005 ego
1751 3934 1974 4006 quidem
2025 3951 2156 3988 casu
2192 3933 2400 3987 factum
2455 3949 2572 3992 esse
2626 3930 2808 3986 credo,
2878 3927 3006 3981 Nam

430 4018 706 4087 orationes
742 4020 1081 4091 iudiciariae,
1119 4021 1179 4080 id
1215 4023 1361 4091 quod
1399 4040 1467 4076 ex
1490 4022 1628 4077 locis
1658 4022 1937 4077 rarissime
1973 4022 2103 4076 inde
2131 4020 2322 4094 petitis
2344 4022 2590 4087 constat,
2629 4018 2806 4072 multo
2841 4015 3008 4068 minus

432 4107 793 4175 legebantur,
780 4128 791 4139 ·
833 4108 1049 4164 accedit
1084 4109 1232 4178 quod
1268 4110 1379 4163 iam
1417 4110 1730 4180 antiquiore
1793 4113 1976 4163 aetate
2012 4112 2099 4162 sat
2133 4125 2338 4178 magna
2391 4123 2519 4175 pars
2575 4104 2841 4160 orationis
2875 4114 3007 4156 nunc

427 4193 627 4262 viginti
664 4193 797 4247 duas
832 4191 1207 4267 paragraphos
1245 4197 1577 4253 continentis
1614 4197 1961 4251 intercidisse
1997 4194 2248 4260 videtum
2286 4194 2367 4248 ita
2403 4197 2481 4265 ut,
2520 4192 2566 4246 si
2619 4210 2687 4247 ex
2726 4188 3004 4246 &Panathe

429 4276 623 4349 naicO,²
664 4282 910 4336 oratione
930 4284 1306 4361 celeberrima,
1342 4284 1721 4383 paragraphos
1769 4284 2032 4338 ducentas
2081 4281 2432 4352 septuaginta
2452 4236 2586 4335 duas
2623 4276 3005 4349 complectente

429 4386 540 4423 non
583 4367 804 4423 mireris
844 4371 1053 4440 viginti
1101 4376 1317 4425 tantum
1365 4374 1514 4426 locos
1560 4372 1797 4426 inveniri
1835 4371 1982 4440 apud
2019 4370 2155 4424 alios
2204 4368 2516 4442 scriptore8‚
2564 4385 2632 4422 ex
2681 4360 2923 4421 oratione
2955 4363 3005 4411 et

428 4457 575 4509 male
613 4458 819 4511 tradita
864 4463 919 4512 et
955 4477 1054 4530 per
1090 4464 1267 4513 artem
1304 4458 1552 4514 infimum
1588 4477 1765 4532 paene
1801 4459 1986 4515 locum
2023 4457 2270 4529 omnium
2302 4458 2704 4511 Isocratearum
2741 4453 3003 4508 tenentem

434 4544 647 4598 nullam
682 4545 902 4600 literam
941 4548 1009 4601 ab
1049 4548 1170 4600 aliis
1208 4548 1628 4600 commemorari
1665 4548 1839 4601 multo
1875 4548 2091 4601 facilius
2126 4547 2302 4615 possit
2333 4544 2598 4613 intellegi.
