3237 5131
32 7 160 312 V
245 7 758 33 ‘v-‘v-vwv—s-r--ffl---
891 9 904 16 ,
934 7 935 10 ,

33 312 40 360 ἔ

31 381 44 571 i

2727 359 2811 419 97

204 484 297 554 [ad
323 499 451 554 cap.
474 486 519 536 I.
746 482 1053 546 Libenter
1114 483 1504 563 comparatis
1564 483 1742 547 hisce
1810 485 1979 548 inter
2047 507 2115 550 se
2182 488 2631 553 concluderem
2693 493 2830 557 Iso-

529 577 772 634 cratem
805 590 839 632 e
871 568 1243 650 Thucydide
1274 570 1577 650 pendere,
1625 571 1691 633 ni
1739 572 2036 635 cautione
2085 594 2244 654 opus
2293 595 2431 639 esse
2466 577 2827 658 videretur3

528 657 765 720 etenim
811 677 955 718 cum
1009 654 1169 717 nihil
1227 656 1560 736 impediat,
1610 658 1950 737 quominus
1996 659 2402 743 Thucydides
2449 665 2648 728 verba
2693 666 2825 730 ista

529 743 756 807 eodem
802 747 1094 823 tempore
1142 741 1473 822 scripserit
1520 764 1648 825 quo
1695 742 2015 808 Isocrates
2063 747 2441 827 orationem,
2468 750 2516 830 ¹)
2578 750 2822 815 factum

532 850 670 893 esse
701 833 938 910 potest,
1014 832 1087 889 ut
1134 833 1198 890 et
1245 835 1466 892 orator
1515 834 1581 892 et
1617 850 1833 893 rerum
1881 832 2156 913 scriptor
2199 833 2321 897 hoc
2368 835 2446 898 de
2493 835 2830 901 Alcibiade

526 916 805 997 patriam
849 919 1276 997 recuperante
1319 923 1769 997 argumentum
1802 917 2088 999 ipsorum
2133 921 2200 982 in
2245 941 2429 984 usum
2477 944 2557 985 ex
2600 924 2823 1004 vulga.-

526 1001 788 1065 tissimis
832 1001 960 1064 illis
1005 1006 1352 1078 verterent,
1402 1022 1566 1083 quae
1614 1003 1750 1066 sine
1792 1004 1987 1069 dubio
2023 1005 2349 1086 sophistae
2383 1029 2497 1072 suo
2531 1030 2610 1072 ex
2640 1031 2821 1075 more

528 1109 788 1152 causam
821 1087 1307 1152 celeberrimam
1340 1089 1742 1154 orationibus
1774 1088 2027 1154 ficticiis
2049 1095 2100 1172 ⁴²)
2149 1099 2505 1158 tractantes
2538 1117 2612 1160 eo
2659 1104 2823 1160 tem-

523 1197 680 1258 pore
730 1175 1195 1253 decantabant3
1263 1173 1704 1257 Thucydidem
1749 1182 1966 1240 autem
2013 1200 2157 1241 cum
2219 1182 2582 1246 oratoribus
2638 1186 2820 1263 quasi

526 1268 806 1326 certasse
853 1260 1027 1323 haud
1057 1261 1190 1327 ,veri
1223 1260 1531 1324 dissimile
1574 1268 1691 1341 est,
1740 1264 1977 1345 quippe
2025 1265 2134 1346 qui
2181 1266 2376 1331 etiam
2424 1269 2822 1351 epitaphium

524 1370 603 1412 ea
646 1353 881 1426 aetate,
931 1368 1058 1427 qua
1103 1353 1442 1428 peroratus
1488 1369 1617 1412 non
1665 1356 1764 1412 est
1810 1349 2049 1431 (Herm.
2083 1351 2204 1414 XII
2232 1373 2294 1433 p.
2337 1359 2459 1417 365
2509 1377 2653 1418 ann.
2705 1362 2820 1435 513

525 1432 964 1517 A.Kirchhoff,
988 1433 1362 1516 Enstehung
1395 1434 1509 1497 des
1529 1435 1839 1499 Herodot.
1874 1436 2436 1520 Geschichtsw.‘²p.
2468 1446 2544 1503 19
2565 1463 2708 1505 ann.
2741 1443 2823 1526 1),

521 1522 831 1598 habitum,
885 1526 957 1584 ut
985 1521 1256 1599 videtur,
1304 1521 1451 1584 ideo
1485 1521 1748 1599 faceret,
1797 1527 1869 1586 ut'
1915 1526 2193 1588 orationi
2224 1526 2478 1590 funebri
2518 1529 2820 1593 adversa-

523 1615 703 1672 retur
749 1607 1135 1690 Gorgianae‚
1198 1627 1391 1687 quam
1451 1607 1581 1672 illis
1637 1610 2035 1690 temporibus
2083 1613 2367 1676 omnium
2411 1614 2478 1676 in
2523 1615 2821 1680 manibus

522 1695 720 1758 fuisse
786 1700 1290 1758 consentaneum
1352 1699 1467 1758 est.
1490 1694 1544 1776 3)
1639 1694 1804 1771 Quid
1866 1697 2062 1779 igitur
2125 1701 2529 1764 statuamus?
2605 1707 2821 1766 utrum

524 1781 959 1864 Thucydidem
1003 1781 1202 1844 verba
1247 1779 1359 1844 illa
1402 1787 1550 1863 post
1597 1804 1653 1846 a.
1716 1788 1837 1847 399
1888 1805 1963 1848 60
2012 1786 2278 1850 consilio
2327 1787 2676 1869 scripsisse,
2745 1796 2822 1853 ut

423 1975 459 2040 ¹)
497 1972 706 2026 Habita.
742 1971 891 2025 enim
927 1972 1012 2022 est
1048 1969 1242 2022 oratio·
1276 1967 1424 2022 haud
1472 1969 1554 2024 ita
1598 1972 1776 2024 multo
1836 1977 2130 2041 postquam
2165 1974 2483 2029 Alcibiades
2534 1976 2679 2031 filius
2729 1979 2813 2031 sui

192 2063 334 2115 iuris
375 2065 468 2114 est
502 2059 698 2125 factus,
733 2058 785 2109 h.
826 2073 873 2109 e.
912 2073 956 2110 c.
998 2075 1029 2109 a
1083 2059 1204 2120 399.
1254 2074 1380 2110 cum
1416 2049 1577 2110 natus
1615 2058 1689 2111 sit
1725 2076 1771 2111 c.
1811 2061 1881 2112 ol.
1934 2062 2050 2128 91,1
2093 2060 2443 2129 (Hertzberg,
2496 2063 2820 2117 Alkibiades

197 2167 250 2218 p.
293 2151 403 2206 140
447 2164 575 2199 ann.
615 2144 719 2213 61).
2854 2148 2859 2152 ’

414 2236 461 2302 ⁴²)
500 2234 620 2286 Hoc
658 2251 728 2286 ex
751 2234 1094 2287 orationibus
1121 2234 1188 2287 de
1215 2251 1380 2287 causa
1408 2233 1671 2287 Socratea
1697 2239 1754 2287 et
1780 2234 1848 2287 de
1878 2235 2110 2304 pignore
2134 2235 2231 2288 illo
2260 2231 2562 2304 ἀμαρτύρῳ
2587 2237 2816 2301 scimus;

188 2328 456 2377 nostram
478 2338 703 2374 causam
730 2321 878 2390 apud
897 2321 1171 2390 sophistas
1199 2319 1620 2374 celeberrimam
1646 2320 1812 2374 fuisse
1840 2325 2074 2390 pateret,
2100 2321 2319 2375 etiamsi
2344 2322 2597 2376 deessent
2627 2328 2813 2385 testes,

193 2410 290 2478 qui
330 2412 471 2462 sunt
519 2412 744 2477 praeter
786 2408 1011 2476 Lysiam
1060 2413 1117 2461 et
1164 2408 1465 2461 Isocratem
1514 2407 1791 2460 Diodorus
1843 2408 2000 2476 (XIII
2050 2409 2135 2476 74)
2187 2409 2512 2462 Plutarchus
2551 2411 2689 2478 (Alc.
2733 2415 2818 2478 12)

187 2495 523 2550 Andocides
559 2499 885 2563 personatus
908 2495 1005 2561 (IV
1030 2495 1119 2563 26)
1156 2496 1305 2548 inter
1351 2513 1408 2548 se
1446 2495 1791 2548 dissidentes.
1841 2495 1913 2548 Hi
1953 2494 2099 2548 enim
2135 2501 2429 2564 propterea
2458 2497 2700 2550 diversas
2736 2499 2818 2551 rei

186 2583 555 2638 narrationes
592 2583 873 2650 exhibent,
913 2584 1043 2650 quia
1079 2584 1185 2651 ipsi
1226 2584 1310 2636 vel
1348 2584 1594 2651 ipsorum
1622 2587 1874 2636 auctores
1915 2602 1983 2636 ex
2021 2584 2362 2637 orationibus
2401 2584 2469 2637 (16
2508 2602 2672 2638 causa
2708 2586 2817 2639 ista

186 2670 538 2736 conscriptis
575 2669 877 2723 hauserunt
914 2670 1160 2723 diversis.

410 2759 459 2823 ³)
496 2757 653 2810 Hanc
704 2757 775 2810 ad
822 2757 1155 2811 sententiam
1203 2756 1513 2809 necessario
1566 2756 1902 2823 devenimus,
1954 2757 1998 2808 si
2049 2774 2271 2809 causam
2317 2759 2665 2827 requirimus,
2717 2777 2818 2813 cur

189 2844 559 2913 Thucydides
598 2847 912 2912 temporum
959 2844 1205 2896 rationes
1252 2844 1577 2911 neglexerit.
1653 2843 1769 2896 Nec
1819 2843 1931 2895 scio
1982 2861 2051 2895 an
2089 2843 2157 2896 de
2194 2843 2421 2897 Periclis
2471 2845 2816 2899 orationibus

186 2932 336 3000 apud
375 2930 654 3001 populum
689 2930 894 2984 habitis
933 2931 1127 2998 (Thuc.
1166 2930 1190 2981 I
1233 2933 1331 2983 140
1369 2948 1483 2998 sqq.
1525 2930 1581 2982 II
1610 2932 1680 2983 60
1705 2933 1843 2998 sqq.)
1890 2930 2039 2983 etde
2066 2930 2302 2998 Gorgiae
2331 2928 2629 2997 Ὀλυμπικῷ
2662 2931 2811 2985 idem

185 3019 478 3072 affirmare
518 3017 698 3070 liceat.
773 3017 883 3070 Sed
917 3018 1116 3070 miram
1167 3035 1333 3085 quam
1379 3034 1601 3071 necesse
1646 3021 1728 3070 est
1781 3018 2154 3070 intercessisse
2192 3017 2339 3069 inter
2373 3018 2496 3070 illas
2535 3018 2812 3072 orationes

185 3104 641 3168 similitudinem,
696 3105 954 3173 persequi
990 3104 1151 3158 huius
1189 3104 1298 3158 loci
1334 3121 1448 3157 non
1485 3122 1600 3158 6886
1637 3109 1790 3157 ratus
1828 3105 1887 3156 id
1922 3104 2146 3172 insuper
2188 3104 2460 3157 monitum
2494 3106 2621 3157 volo
2669 3109 2808 3158 tem-

181 3210 390 3262 porum
426 3191 678 3244 rationes
705 3191 991 3260 simultati,
1032 3209 1197 3259 quam
1232 3192 1379 3244 inter
1411 3191 1708 3259 scriptores
1745 3192 1878 3244 istos
1917 3193 2210 3243 statuimus
2246 3190 2428 3258 fuisse,
2468 3191 2679 3244 obverti
2716 3210 2810 3246 ne-

183 3279 363 3348 quire.
406 3277 777 3346 Epitaphium
815 3278 1156 3346 Gorgianum
1197 3278 1469 3331 Susemihl
1514 3278 1583 3346 (J.
1611 3278 1661 3330 J.
1695 3281 1842 3344 1877,
1877 3296 1930 3346 p.
1971 3281 2057 3345 79)
2095 3279 2242 3331 inter
2279 3296 2448 3331 annos
2485 3281 2588 3332 426
2626 3283 2683 3331 et
2705 3282 2810 3333 420

180 3386 229 3419 a.
272 3366 406 3420 Chr.
459 3383 513 3416 n.
565 3368 749 3417 ortum
798 3382 913 3418 6886
952 3382 1078 3418 611111
1128 3364 1476 3433 coniecisset,
1520 3382 1667 3417 nunc
1716 3365 1901 3433 potius
1950 3365 2057 3432 ipsi
2112 3382 2256 3418 anno
2294 3368 2396 3418 420
2432 3365 2680 3419 vindicat
2717 3366 2806 3434 (cf.

179 3454 364 3508 libelli
405 3471 463 3521 p.
505 3455 575 3504 94
611 3469 740 3504 ann.
778 3456 827 3504 2.
868 3451 1064 3505 adsciti
1113 3470 1166 3520 p.
1218 3451 1369 3519 XX);
1428 3451 1776 3519 Olympicum
1812 3450 2055 3503 Blassius
2094 3452 2163 3504 ad
2201 3470 2405 3504 annum
2440 3455 2542 3505 392
2591 3452 2810 3506 rettulit

180 3543 324 3607 (Att.
354 3539 669 3593 Β61·6(18.ΙΙ
698 3541 800 3591 232
826 3556 950 3591 ann.
980 3542 1050 3606 6.)
1089 3542 1416 3606 argumento
1454 3556 1581 3591 usus
1621 3538 1768 3605 quod
1803 3556 1926 3592 mea
1965 3538 2185 3605 quidem
2224 3539 2499 3591 sententia
2535 3555 2649 3591 non
2679 3542 2804 3591 stat.

181 3626 486 3681 Onckenio
525 3625 674 3677 enim
714 3625 907 3691 (Isokr.
946 3644 997 3677 u.
1035 3625 1222 3678 Athen
1246 3643 1299 3693 p.
1329 3628 1417 3691 42)
1458 3625 1770 3678 orationem
1809 3625 1879 3678 ad
1917 3626 2048 3678 belli
2072 3625 2531 3693 Peloponnesiaci
2556 3629 2810 3693 tempora

175 3712 460 3769 referenti
499 3711 697 3765 obicit:
736 3708 889 3765 ‘aber
928 3712 1137 3764 damals
1174 3730 1290 3765 war
1325 3711 1415 3764 fiir
1452 3711 1637 3764 solche
1674 3712 2108 3780 Ermahnungen
2146 3711 2274 3764 kein
2313 3707 2506 3765 Raum’
2524 3729 2538 3776 ;
2591 3711 2636 3765 si
2674 3728 2806 3780 ergo

177 3806 306 3868 post
345 3799 410 3853 id
450 3798 663 3851 bellum
696 3798 1063 3864 compositum
1102 3803 1261 3865 esset,
1313 3802 1442 3851 ante
1492 3816 1539 3851 a.
1579 3801 1681 3851 392
1721 3797 1860 3851 dicit
1907 3798 2117 3852 editum
2155 3816 2272 3852 esse
2308 3816 2420 3851 non
2454 3816 2630 3868 posse,
2680 3816 2807 3851 cum

176 3907 223 3941 a.
264 3890 375 3942 396
420 3884 734 3937 discordiae
770 3884 917 3937 inter
936 3884 1175 3938 Graecos
1212 3885 1458 3937 nondum
1484 3889 1639 3938 ortae
1676 3889 1873 3938 essent.
1911 3885 2146 3938 Miratus
2185 3903 2304 3939 sum
2338 3886 2520 3939 virum
2557 3886 2806 3939 doctissi-

174 3994 333 4030 mum
365 3973 562 4027 dicere
589 3972 833 4039 potuisse
858 3972 1069 4024 nullum
1098 3972 1381 4039 orationis,
1420 3972 1597 4040 qualis
1625 3976 1745 4026 erat
1780 3972 2114 4040 OlympicUS,
2152 3974 2336 4025 locum
2360 3973 2527 4025 fuisse
2564 3990 2628 4025 eo
2666 3977 2805 4025 tem·

174 4080 331 4131 pore,
375 4076 495 4128 quo
534 4057 786 4111 civitates
807 4058 1051 4111 Graecae
1083 4059 1244 4112 bellis
1272 4059 1547 4112 intestinis
1580 4059 2055 4125 dilacerabantur3
2093 4060 2232 4113 nihil
2262 4059 2498 4134 impedit
2516 4058 2807 4126 quominus

175 4146 544 4204 Onckenium
593 4162 899 4213 sequamur.
975 4144 1119 4211 Quid
1171 4163 1297 4199 vero
1346 4145 1699 4200 verisimilius
1746 4163 1908 4213 quam
1948 4146 2297 4200 adversatum
2336 4146 2538 4199 acriter
2573 4146 2654 4198 ita
2690 4163 2808 4199 esse

173 4232 594 4303 Thucydidem,
632 4231 789 4300 regia
826 4250 894 4285 ex
932 4232 1103 4301 stirpe
1142 4237 1324 4285 ortum
1363 4233 1540 4286 civem
1564 4233 1832 4300 Atticum,
1874 4233 2128 4301 Gorgiae,
2168 4231 2537 4287 subobscdrae
2575 4233 2805 4301 originis

175 4324 326 4391 ξένῳ,
384 4331 456 4373 ut
505 4319 825 4372 ostenderet
868 4319 1110 4388 patriam
1160 4320 1380 4373 dicendi
1432 4324 1610 4372 artem
1647 4336 1790 4372 nova
1824 4320 2180 4372 mediocriter
2212 4324 2578 4387 temperatam
2618 4319 2803 4373 adule-

174 4408 479 4473 scentuliS,
531 4405 625 4472 qui
675 4405 990 4459 adventicia
1027 4406 1373 4460 declamandi
1412 4406 1647 4459 artificia
1685 4409 1893 4459 temere
1931 4406 2380 4476 capessiverunt‘?
2454 4406 2805 4459 Conseruisse

171 4502 312 4551 tunc
353 4496 493 4549 lites
530 4492 677 4545 viros
715 4493 981 4560 literatoS,
1021 4493 1142 4560 quis
1181 4494 1511 4562 negaverit?

2392 4601 2422 4617 Η

283 4612 327 4651 K
347 4620 374 4648 e
393 4611 407 4648 i
428 4609 460 4656 1,
492 4607 716 4645 Analecta
745 4607 973 4645 Isocratoa
2201 4600 2205 4604 '
2400 4620 2414 4647 ὀ
