3237 5131
402 321 483 383 10

395 456 688 524 ἐἅπασιν
726 453 1002 537 ἀσώτως
1040 452 1191 548 μηδ’
1239 451 1565 546 ὀλιγώρως
1629 457 1797 546 πρὸς
1856 455 2154 548 χρήματα
2212 456 2654 542 διακειμένους
2715 458 2859 543 (XV
2906 460 3003 542 5).

397 547 636 612 Multas
667 553 734 610 et
761 553 895 611 tres
923 549 1056 612 iam
1085 549 1364 614 oratoris
1394 548 1809 614 trierarchias
1831 548 2072 613 bellum
2098 549 2518 612 devoraverat
2542 549 3009 612 devoraturum

397 635 679 700 fortasse
723 635 922 700 etiam
967 641 1266 718 quartam
1309 636 1601 717 quintam
1644 635 1937 717 aliasque
1980 636 2509 700 innumerabiles:
2558 635 2713 718 quid
2764 636 3009 699 mirum

399 722 574 804 quod
617 721 937 788 Isocrates
981 723 1159 806 pacis
1205 723 1420 787 subito
1465 728 1779 804 patronus
1824 723 2040 786 extitit
2056 724 2087 785 ἱ)
2144 723 2324 787 Haec
2369 723 2681 788 orationis
2726 728 3003 786 octavae

392 803 504 873 ‘de
549 801 728 892 pace'
776 830 908 873 non
951 809 1182 874 ultima
1227 811 1280 872 si
1325 809 1564 873 acriter
1608 811 1895 874 animum
1936 810 2240 874 intendas
2303 831 2499 874 causa
2544 817 2685 873 est:
2754 809 3003 890 refugit

397 895 598 960 nimia
638 895 886 960 tributa
931 903 997 962 et
1043 918 1242 962 onera
1285 896 1546 978 publica
1571 898 1636 977 ¹).
1685 896 1814 961 Sed
1858 896 2027 960 male
2070 897 2210 978 ipse
2256 897 2381 962 sibi
2410 904 2632 962 orator
2674 895 3005 979 providit:

397 989 555 1065 quot
599 984 906 1062 convicia,
952 984 1034 1049 ab
1081 985 1221 1066 ipso
1269 984 1463 1048 credo
1530 1005 1659 1047 non
1728 985 1866 1048 sine
1936 984 2185 1067 pudore
2255 985 2633 1066 composita,
2702 982 3002 1046 ridiculis

397 1071 794 1153 argumentis
839 1077 907 1134 et
952 1071 1434 1136 condicionibus
1479 1071 1790 1136 immixtis
1834 1072 1903 1134 in
1946 1071 2227 1135 maiores
2273 1071 2447 1149 fecit,
2480 1077 2579 1135 tot
2622 1071 2763 1152 ipse
2810 1071 2878 1132 in
2930 1089 3007 1131 se

396 1158 552 1222 iecit
598 1157 1051 1239 contumelia83
1117 1157 1357 1240 quique
1425 1179 1681 1240 semper
1724 1158 1977 1240 patriae
2022 1179 2311 1222 amorem
2352 1159 2421 1221 in
2467 1179 2577 1222 ore
2623 1157 2871 1235 habuit,
2921 1157 3003 1232 is,

397 1245 572 1310 hunc
632 1266 920 1310 amorem
968 1267 1112 1309 cum
1157 1245 1352 1310 rebus
1411 1267 1540 1308 non
1601 1245 1814 1310 verbis
1882 1245 2303 1328 comprobare
2370 1266 2635 1309 necesse
2706 1250 2866 1321 erat,
2935 1245 3009 1306 in

402 1333 698 1398 oratione
740 1325 850 1396 ‘de
894 1324 1073 1416 pace'
1122 1337 1534 1414 praesentem
1581 1333 1678 1396 rei
1723 1332 2021 1414 publicae
2068 1337 2311 1396 statum
2379 1353 2618 1413 eosque
2684 1331 2795 1412 qui
2855 1351 3007 1394 eum

399 1419 828 1484 condiderant
871 1419 1303 1501 increpitavit,
1348 1420 1418 1482 in
1458 1412 1960 1502 ‘Areopagitico‘
2008 1441 2151 1484 rem
2194 1419 2523 1502 publicam
2570 1418 2779 1499 qualis
2848 1424 3043 1481 ante·

399 1505 718 1589 Ephialtis
777 1512 1064 1574 aetatem
1114 1505 1330 1570 fuerat
1393 1526 1631 1587 eosque
1693 1507 1803 1587 qui
1872 1528 2018 1570 eam
2080 1506 2405 1570 moderati
2464 1510 2652 1570 erant
2718 1505 3003 1568 immane

397 1599 712 1675 quantum
740 1592 1041 1658 laudibus
1077 1593 1325 1658 extulit.
1377 1593 1696 1658 Nimirum
1743 1594 1945 1675 ipsius
1990 1595 2226 1657 aetatis
2270 1592 2338 1656 in
2361 1615 2433 1656 re
2458 1593 2722 1674 publica
2753 1591 3006 1655 tributa

397 1681 743 1762 pendenda
811 1685 1034 1744 erant:
1100 1680 1360 1744 illorum
1430 1678 1549 1744 sub
1618 1680 2057 1744 dominatione
2104 1701 2326 1744 omnes
2372 1679 2547 1744 felici
2590 1679 3003 1742 immunitate

398 1789 550 1832 usos
599 1788 741 1830 esse
787 1767 911 1831 sibi
955 1765 1271 1850 fingebat3
1337 1768 1466 1830 iam
1520 1765 1719 1848 igitur
1769 1788 1889 1850 pro
1946 1767 2025 1830 iis
2088 1788 2253 1848 quae
2312 1767 2604 1831 oratione
2644 1761 2754 1830 ‘de
2808 1763 2994 1848 pace'

399 1860 660 1918 servatu
691 1853 887 1936 digna
917 1875 1058 1918 esse
1084 1858 1454 1936 negaverat,
1480 1846 1981 1937 ‘Areopagitico'
2032 1855 2371 1960 proposuit
2416 1875 2583 1936 quae
2627 1853 3004 1918 reducenda

399 1942 523 2007 sibi
587 1947 1003 2023 persuaserat
1069 1962 1230 2008 esse.
1319 1941 1410 2005 Ut
1456 1963 1608 2022 ergo
1657 1943 1984 2006 orationes
2060 1942 2145 2005 ad
2190 1934 2559 2018 Nicoclem',
2626 1933 2995 2017 ‘Nicocles’‚

393 2021 769 2110 ‘Euagoras'
800 2021 1276 2109 et‘Plataicus',
1294 2021 1765 2093 ‘Archidamus'
1795 2035 1862 2092 et
1878 2021 2135 2093 ‘contra
2158 2021 2522 2134 sophistas',
2542 2020 2831 2091 ‘Busiris'
2868 2027 2999 2090 sin-

399 2115 589 2198 gulae
617 2117 790 2179 inter
821 2137 888 2179 se
923 2116 1405 2197 coniungendae
1452 2122 1621 2194 sunt,
1667 2117 1763 2178 ita
1785 2108 2185 2194 ‘Antidosis',
2256 2115 2337 2179 de
2376 2107 2581 2197 pace',
2623 2107 2997 2196 ‘Areopagi-

400 2194 610 2282 ticus',
635 2223 796 2283 quas
815 2203 1042 2268 eadem
1059 2209 1276 2268 aetate
1294 2224 1516 2267 omnes
1539 2203 1763 2281 edidit,
1791 2204 1980 2268 unius
2006 2203 2419 2283 eiusdemque
2446 2202 2631 2283 quasi
2646 2200 2806 2284 cycli
2832 2206 2999 2264 sunt.

607 2288 746 2353 Iam
801 2296 1158 2371 sequuntur
1199 2289 1479 2372 Philippi
1543 2290 1917 2355 Macedonis
1985 2297 2299 2372 tempora,
2372 2290 2550 2353 cuius
2605 2310 2645 2351 a
2702 2288 2997 2370 partibus

400 2376 755 2441 Isocratem
815 2377 1073 2442 stetisse
1095 2378 1146 2458 2)
1191 2377 1394 2459 ipsius
1456 2378 1665 2441 oratio
1706 2370 2082 2459 ‘Philippus'
2132 2383 2443 2456 testatur3
2501 2377 2721 2456 itaque
2770 2396 2915 2438 cum
2960 2397 3001 2438 a

402 2463 827 2528 Macedonum
872 2464 1258 2530 adversariis
1302 2465 1554 2546 patriae
1599 2486 1785 2528 amor
1828 2471 1895 2528 et
1923 2465 2006 2528 ab
2047 2464 2454 2546 eloquentiae
2490 2461 2759 2526 aemulis
2784 2461 2999 2544 impri-

402 2551 652 2633 misque
695 2551 778 2616 ab
823 2551 1191 2633 Aristotele,
1236 2556 1310 2616 ut
1353 2552 1625 2631 videtur,
1646 2552 1698 2633 ³)
1746 2551 2041 2616 doctrina
2083 2550 2388 2616 Isocratis
2433 2572 2552 2633 per
2611 2547 2996 2613 calumniam

623 2744 657 2810 ¹)
691 2743 844 2796 Haec
881 2746 997 2796 tam
1033 2746 1186 2797 certo
1223 2742 1372 2796 edixi
1409 2744 1539 2812 quia
1575 2744 1687 2797 alia
1720 2744 1936 2797 ratione
1972 2743 2107 2796 mihi
2137 2743 2281 2796 mira
2306 2743 2404 2796 illa
2430 2742 2709 2795 rationum
2742 2742 2998 2795 Isocratis

402 2830 717 2883 immutatio
754 2830 1023 2898 explicari
1057 2848 1218 2899 posse
1252 2848 1366 2883 non
1399 2831 1649 2895 videtur;
1696 2830 2055 2885 confirmatur
2102 2831 2422 2885 coniectura
2470 2832 2526 2882 et
2568 2830 2700 2899 ipsis
2736 2830 2999 2882 orationis

402 2917 746 2986 temporibus
791 2946 862 2957 —
909 2921 1038 2971 sunt
1085 2917 1234 2970 enim
1279 2918 1486 2971 Eubuli
1533 2948 1602 2959 —
1651 2923 1708 2972 et
1754 2918 1967 2971 duobus
2014 2919 2150 2971 locis
2187 2918 2219 2987 ξ
2258 2920 2323 2971 13
2360 2916 2853 2987 (λῃτουργούντωη
2900 2934 3000 2969 0111·

404 3005 647 3058 Blassius
693 3004 801 3057 XII
851 3006 952 3059 145
1009 3005 1111 3059 XV
1161 3007 1193 3058 5
1252 3005 1436 3058 XVIII
1491 3006 1560 3059 58
1620 3005 2025 3074 diphthongum
2072 3027 2121 3055 n
2167 3024 2270 3074 pro
2307 3026 2340 3075 ῃ
2376 3005 2641 3074 reliquit?
2688 3022 2999 3073 quanquam

405 3092 474 3145 cf.
513 3092 832 3145 Buermann
865 3092 1041 3160 praef.
1081 3092 1151 3145 ad
1185 3093 1404 3146 Isaeum
1437 3110 1491 3161 p.
1529 3092 1628 3161 IX)
1678 3097 1735 3146 et
1782 3092 1812 3162 ξ
1851 3094 1951 3147 128
1998 3093 2197 3161 quibus
2243 3094 2425 3145 minus
2474 3096 2622 3146 tecte
2667 3094 2883 3146 locutus
2919 3095 3001 3143 est

407 3196 577 3247 quam
615 3179 937 3247 ceteroquin
979 3180 1133 3233 solet.

619 3267 659 3335 Ἰ)
699 3265 859 3332 Quod
896 3265 1028 3319 dum
1075 3266 1199 3320 dico
1245 3267 1471 3321 minime
1506 3268 1809 3321 Isocratem
1855 3285 1983 3321 cum
2027 3268 2301 3322 Aeschine
2336 3268 2759 3337 Philocrateque
2808 3269 3002 3321 contra

409 3354 839 3407 Demosthenem
877 3354 1318 3422 componendum
1354 3371 1472 3407 esse
1505 3354 1644 3415 mihi
1668 3372 1839 3423 sum0,
1876 3355 2045 3407 immo
2070 3356 2339 3409 Isocrates
2372 3357 2517 3408 solus
2540 3356 2718 3410 tribus
2740 3354 3001 3409 Aeschini

407 3441 712 3497 Philocrati
741 3440 1102 3495 Demostheni
1138 3441 1498 3509 opponendus
1535 3446 1648 3510 est;
1686 3459 1882 3511 nempe
1920 3460 2063 3511 quae
2097 3442 2157 3495 hi
2192 3443 2491 3498 studebant
2524 3442 2828 3511 praesentis
2862 3446 2999 3495 tem-

405 3528 556 3596 poris
593 3545 688 3596 spe
725 3545 790 3581 ac
827 3528 1027 3581 timore
1065 3528 1286 3596 impulsi
1321 3529 1813 3597 persequebantur,
1860 3532 2131 3584 Isocrates
2180 3534 2366 3584 autem
2401 3548 2513 3583 non
2548 3533 2665 3583 tam
2700 3527 2999 3583 Athenien-

407 3615 556 3667 sibus
593 3631 722 3667 cum
755 3614 1123 3668 Macedonum
1176 3632 1308 3685 rege
1357 3634 1522 3684 quam
1570 3616 1760 3670 liberis
1798 3616 2135 3671 Graecorum
2183 3618 2501 3672 civitatibus
2545 3634 2671 3671 cum
2707 3617 2868 3669 unius
2905 3616 3001 3668 do-

405 3701 709 3755 minatione
728 3705 792 3754 ut
809 3701 892 3755 ita
911 3702 1094 3756 dicam
1113 3702 1506 3771 paciscendum
1524 3720 1640 3757 esse
1664 3703 1945 3759 iudicavit.
1982 3704 2102 3759 Hac
2128 3706 2274 3759 enim
2292 3705 2565 3760 sententia
2588 3706 2703 3758 iam
2732 3704 3001 3757 adductus

407 3792 528 3842 erat
563 3793 627 3841 ut
662 3789 988 3857 Dionysium
1022 3790 1382 3859 Iasonemque
1430 3790 1628 3845 iisdem
1666 3808 1729 3844 ac
1764 3792 2083 3861 Philippum
2116 3793 2422 3862 posteriore
2457 3796 2708 3861 tempore
2744 3790 3001 3859 precibus

409 3876 606 3934 adiret.
657 3876 766 3929 Vix
798 3875 974 3945 igitur
1012 3878 1083 3931 ab
1119 3877 1188 3931 iis
1223 3878 1317 3946 qui
1353 3878 1460 3931 hoc
1491 3878 1846 3932 meminerint
1880 3880 2039 3933 nobis
2076 3885 2412 3948 occurretur,
2462 3880 2667 3933 satisne
2700 3878 3003 3948 prudenter

407 3963 715 4031 fecerimus,
767 3964 862 4032 qui
909 3966 1213 4019 Isocratem
1260 3964 1630 4020 Demosthene
1680 3966 1890 4021 rectius
1938 3984 2068 4021 suae
2106 3969 2303 4022 aetatis
2344 3986 2433 4021 res
2481 3966 2825 4037 perspexisse
2870 3964 3002 4017 fassi

409 4051 592 4119 simuS,
631 4067 758 4103 cum
792 4050 926 4119 ipsis
963 4054 1151 4105 orator
1185 4052 1280 4105 ille
1318 4052 1541 4121 quidem
1575 4072 1690 4107 non
1724 4071 1934 4107 errasse
1970 4055 2267 4122 videretur,
2318 4055 2415 4109 sed
2461 4054 2690 4107 fortuito
2736 4057 3003 4121 tanquam

408 4155 604 4191 caecus
640 4142 796 4191 recta
830 4138 920 4191 via-
957 4138 1257 4193 incessisse.
1331 4139 1408 4193 At
1446 4140 1542 4209 qui
1580 4140 1718 4195 adeo
1756 4141 1861 4195 sibi
1909 4142 1968 4194 in
2004 4141 2255 4194 adeundo
2292 4142 2569 4211 principes
2611 4138 2919 4209 constabat,
2955 4139 3002 4191 is

408 4241 520 4277 non
554 4240 720 4277 caeca
755 4223 980 4277 fortuna
1014 4224 1312 4295 ferebatur,
1367 4227 1463 4281 sed
1499 4230 1654 4282 certa
1689 4227 1903 4281 ratione
1940 4228 2137 4281 ductus
2174 4229 2308 4297 quid
2356 4228 2461 4281 sibi
2497 4228 2811 4282 faciendum
2862 4230 3005 4281 esset

410 4310 557 4379 apud
594 4310 840 4365 animum
874 4328 1035 4365 suum
1070 4313 1451 4368 constituerat.
1487 4332 1490 4337 ·
1545 4376 1550 4382 ¹

619 4399 660 4467 ⁸)
698 4398 798 4453 Th.
834 4400 1054 4470 Bergk„
1084 4400 1188 4455 Rh.
1222 4402 1300 4455 Μ.
1334 4402 1594 4456 XXXVII
1639 4421 1691 4471 p.
1732 4405 1835 4456 362
1879 4419 2003 4456 ann.
2052 4407 2085 4455 2
2133 4408 2190 4458 et
2225 4406 2323 4457 371
2366 4422 2474 4473 sq.;
2524 4405 2592 4457 cf.
2634 4402 3003 4457 Teichmiiller

409 4484 469 4538 in
504 4485 739 4539 Bursian
774 4487 966 4542 Jahrb.
1007 4492 1076 4543 30
1108 4507 1164 4558 p.
1201 4490 1235 4541 4
1273 4507 1387 4559 sqq.
1425 4489 1799 4558 (Aristotelem
1840 4490 2149 4561 Susemihl).
