3237 5131
384 323 532 390 VIII

597 485 771 557 Quae
817 483 1016 547 altero
1061 483 1192 546 loco
1235 483 1700 568 praemonenda
1758 485 1916 546 mihi
1972 494 2117 547 sunt
2166 487 2401 568 paucis
2447 482 2757 548 absolvere
2818 484 2983 548 licet.

389 585 895 674 Conscripseram
951 589 1114 652 enim
1163 611 1320 673 quae
1368 590 1478 651 hoc
1526 588 1735 652 libello
1783 591 2177 652 continentur
2220 589 2307 650 ad
2346 611 2611 651 summos
2658 590 2727 650 in
2765 589 2981 672 philo-

383 693 610 776 sophia
679 693 932 754 honores
1001 693 1448 777 consequendos
1517 693 1978 778 obtuleramque
2044 715 2119 755 ea
2186 692 2402 755 ordini
2459 692 2985 779 philosophorum

386 797 773 880 amplissimo
824 797 1450 882 (r'ryphiswaldensi;
1517 797 1625 860 sed
1684 821 1820 860 cnm
1880 799 2189 880 inteqrum
2252 797 2618 881 opusculum
2681 797 2981 858 disserta-

385 902 623 964 tionum
683 925 839 986 quae
893 912 1199 964 vocantur
1259 901 1561 964 ambitum
1604 912 1949 986 superaret,
2010 924 2089 964 ecc
2152 902 2261 963 illo
2306 925 2442 964 eam
2478 903 2685 986 primi
2710 908 2717 916 '
2746 903 2981 986 capitis

380 1019 644 1092 partem,
697 1031 854 1092 quae
889 1008 1109 1092 priori
1137 1006 1433 1068 editio-nis
1463 1005 1850 1070 Blassianae
1897 1008 2202 1070 volumini
2244 1006 2585 1091 respondet,
2635 1009 2982 1090 separatim

382 1111 854 1197 exprimendam
901 1113 1142 1188 curavi,
1188 1121 1259 1174 ut
1295 1111 1692 1196 particulam
1741 1111 1927 1174 istam
1958 1113 2236 1196 payinas
2267 1112 2453 1173 huius
2486 1111 2690 1174 libelli
2721 1111 2978 1173 13—57

385 1201 897 1301 complectentem,
947 1217 1052 1277 cui
1087 1238 1211 1300 pro
1243 1226 1481 1278 natura
1512 1239 1631 1277 sua
1659 1208 2134 1278 ‘Analectorum
2165 1215 2619 1278 Isocrateorum
2650 1207 2974 1298 specimen'

383 1323 703 1404 inscripsi,
751 1321 1113 1383 solemnium
1159 1319 1675 1383 dissertationum
1720 1321 1791 1382 in
1834 1341 2013 1380 usum
2058 1319 2449 1382 destinarem.
2526 1319 2740 1381 Moneo
2773 1329 2976 1380 autern.

377 1418 799 1509 ‘Specimin's³
850 1425 1032 1487 illius
1080 1427 1360 1509 paginas
1398 1425 1773 1486 novissimas
1820 1424 1928 1484 hoc
1980 1425 2045 1484 in
2092 1423 2300 1486 libello
2346 1423 2789 1487 emendatiores
2837 1422 2977 1505 lessi,

589 1528 1050 1612 Emponendum
1096 1529 1356 1611 denique
1405 1549 1562 1611 quae
1622 1529 1781 1590 mihi
1824 1527 2112 1590 subsidia
2159 1531 2227 1590 in
2274 1528 2732 1590 conscribendis
2772 1520 2977 1588 tAna-

383 1625 572 1696 lectis³
614 1643 871 1718 praesto
905 1632 1182 1718 fuerint.
1263 1632 1357 1695 De
1402 1632 1784 1695 editionibus
1830 1631 2055 1715 quibus
2100 1655 2248 1694 usus
2293 1655 2430 1695 sum
2474 1631 2677 1694 verbis
2712 1654 2978 1716 parcere

381 1739 541 1820 licet,
578 1741 706 1800 nisi
735 1736 900 1822 quod
931 1759 1206 1798 moneam
1237 1760 1385 1799 sane
1413 1747 1653 1822 oportet
1684 1739 1956 1800 Antonii
1982 1739 2283 1800 Monachi
2328 1738 2491 1800 locos
2530 1759 2621 1799 me
2652 1759 2682 1799 e
2716 1734 2981 1800 Gesneri

379 1842 648 1905 editione
707 1842 1081 1926 repetivisse,
1152 1852 1370 1903 contra
1429 1864 1529 1904 eos
1587 1843 1772 1919 locos,
1829 1865 1981 1927 quos
2029 1843 2115 1904 ad
2158 1843 2499 1905 versionem
2544 1840 2979 1903 Ribittianam

379 1945 652 2027 eoehibue',
729 1946 1187 2009 Wachsmuthii
1245 1945 1400 2008 libri
1438 1939 1733 2016 ‘Studien
1793 1970 1870 2008 zu
1934 1947 2055 2008 den
2097 1947 2523 2031 yriechischen
2570 1943 2971 2028 Florileyien⁴

374 2051 638 2135 paqinis
687 2052 815 2112 166
859 2073 983 2134 sqq.
1032 2049 1246 2112 deberi
1260 2072 1282 2128 ,·
1327 2050 1535 2112 eodem
1579 2045 1875 2135 eae'fonte
1905 2050 2183 2136 flumisse
2214 2073 2371 2135 quas
2412 2049 2814 2134 ‘yivornoloye'i
2851 2049 2976 2110 Pa-

377 2147 588 2216 risini'
655 2166 710 2216 et
767 2148 1096 2218 ‘Melissae
1143 2148 1573 2240 Auqustanae'
1634 2156 1889 2240 protuli
1949 2156 2238 2218 lectiones
2295 2178 2417 2240 per
2462 2177 2524 2216 se
2571 2152 2975 2236 intelleqitur,

377 2281 512 2321 cum
551 2263 770 2343 prima
833 2261 1055 2322 horum
1109 2259 1647 2345 ynomoloyiorum
1692 2259 1994 2344 frustula
2057 2260 2265 2344 ipsum
2297 2260 2514 2322 *istum
2568 2281 2707 2344 per·
2743 2257 2975 2321 librum

389 2363 888 2427 Wachsmuthius
935 2363 1132 2425 lucem
1176 2364 1372 2425 visere
1431 2364 1698 2427 iusserit.
1794 2361 2161 2447 Ceteroqnin
2220 2385 2364 2425 vero
2411 2364 2657 2426 nullum
2710 2361 2859 2447 fere
2905 2363 2975 2423 in

375 2477 569 2551 caput
607 2471 890 2552 primum
934 2468 1143 2551 recepi
1189 2467 1415 2549 locum,
1478 2490 1656 2552 quem
1717 2490 1842 2530 non
1902 2468 2036 2552 ipse
2084 2490 2161 2530 eoe
2205 2467 2624 2551 scriptoribus
2670 2465 2974 2529 veteribus

374 2575 724 2652 hauserim,·
772 2574 962 2635 trium
1009 2583 1376 2657 quattuorve
1423 2584 1626 2637 autem
1684 2595 1909 2648 eorum,
1958 2596 2107 2659 quos
2144 2574 2223 2635 ab
2256 2573 2409 2636 aliis
2446 2580 2770 2634 mutuatus
2815 2594 2970 2652 sum,

373 2688 659 2740 auctores
704 2678 992 2763 rel-iqiose
1038 2677 1364 2762 adscripsi
1375 2700 1400 2759 ,·
1471 2701 1662 2763 quam
1718 2702 1843 2741 rem
1906 2679 2155 2741 omnino
2216 2678 2311 2740 ita
2356 2698 2564 2762 yerere
2604 2697 2725 2737 non
2766 2676 2972 2758 potui,

371 2783 502 2845 nisi
547 2782 634 2843 ad
680 2783 896 2866 copias
943 2781 1349 2846 bibliothecae
1392 2784 1713 2867 qymnasii
1764 2783 1955 2866 Reqii
1998 2781 2368 2844 Ioachimici
2432 2803 2546 2863 per
2590 2778 2971 2864 sinyularem

370 2884 554 2947 illam
601 2884 1064 2969 liberalitatem,
1129 2910 1254 2970 qua
1315 2909 1480 2949 nunc
1541 2885 1663 2947 illa
1710 2886 2221 2963 administratur,
2283 2885 2442 2945 mihi
2497 2884 2713 2945 aditus
2758 2886 2971 2967 utique

365 2992 696 3073 patuisset.
783 2988 1004 3053 Verum
1035 3001 1106 3051 ut
1139 2990 1225 3053 ad
1271 2990 1574 3052 editiones
1622 2997 1917 3063 revertar,
1967 2986 2343 3069 Sequeriani
2372 2988 2485 3071 qui
2524 2988 2765 3049 dicitur
2807 2988 2974 3048 seaeti

372 3094 536 3156 locos
582 3117 705 3157 non
750 3116 828 3157 ecc
876 3094 1211 3157 Anecdotis
1257 3094 1549 3173 Belckeri,
1614 3095 1793 3155 cuius
1824 3091 2024 3175 fidem
2068 3092 2140 3153 in
2182 3090 2540 3153 eoecudendo
2598 3091 2808 3153 codice
2852 3089 2969 3152 illo

369 3195 762 3261 Coisliniano
795 3220 995 3283 nuper
1028 3202 1270 3283 Boysen
1299 3196 1724 3281 praedicavit,
1756 3195 1864 3257 sed
1895 3217 1972 3257 ex
2003 3195 2551 3259 Bachmannianis
2583 3194 2947 3279 deprompsi
2958 3244 2968 3263 .

369 3324 526 3387 quae
586 3304 898 3387 integrum
968 3301 1236 3363 leoeicum
1304 3300 1817 3386 complectantur,
1904 3322 2043 3361 cum
2100 3299 2233 3369 eius
2291 3299 2698 3363 Bekkeriana
2764 3297 2964 3361 solam

370 3408 621 3470 literam
666 3432 708 3470 α
757 3410 1114 3469 contineant
1126 3429 1151 3486 ,·
1201 3429 1386 3490 neque
1431 3407 1594 3468 enim
1642 3404 1918 3467 eiusdem
1950 3403 2103 3466 libri
2134 3403 2299 3466 alios
2331 3404 2492 3467 locos
2524 3403 2716 3466 aliter
2746 3413 2967 3465 notare

373 3512 566 3574 volui·
611 3509 845 3578 Contra
892 3512 959 3572 in
1005 3510 1358 3573 rhetoribus
1406 3508 1691 3589 Graecis,
1756 3531 1905 3592 quos
1965 3518 2205 3589 vocant,
2257 3508 2505 3593 partim
2569 3506 2966 3569 Walzianam

368 3616 609 3700 partim
652 3614 1142 3700 Spenyelianam
1209 3613 1543 3677 editionem
1603 3614 1889 3695 adhibui,
1954 3636 2313 3699 quanquam
2372 3616 2429 3675 si
2483 3623 2765 3674 constare
2809 3613 2967 3674 mihi

369 3892 568 3945 editore
605 3892 756 3944 tertio
775 3910 826 3946 a.
851 3891 973 3944 Chr.
992 3910 1042 3943 n.
1070 3893 1279 3942 saeculo
1299 3892 1601 3943 vindicatae
1620 3910 1684 3943 ex
1704 3892 1939 3943 oratione
1956 3888 2046 3942 ‘ad
2066 3887 2341 3942 Nicoclem’
2364 3898 2588 3945 servant.
2614 3889 2747 3942 Sunt
2778 3905 2868 3939 eae
2900 3906 2962 3939 ex

359 3986 516 4043 parte
536 3980 814 4030 literarum
829 3980 997 4043 plane
1025 3978 1404 4039 evanidarum;
1429 3984 1659 4029 attamen
1685 3996 1746 4029 ea
1771 3996 1905 4043 quae
1930 3980 2035 4045 leqi
2048 3986 2275 4043 possunt
2298 3979 2455 4030 valde
2482 3978 2805 4045 diynaputO,
2828 3994 2963 4041 quae

364 4066 596 4115 omnium
645 4064 848 4117 animos
897 4066 955 4115 in
997 4083 1052 4116 se
1091 4071 1406 4127 convertant,
1457 4073 1505 4117 et
1542 4067 1672 4130 quia
1722 4066 1833 4116 illis
1865 4066 2194 4131 antiquiores
2240 4066 2535 4117 orationum
2568 4066 2961 4116 Isocratearum

359 4160 512 4203 testes
530 4182 598 4190 --
619 4154 714 4204 etsi
732 4153 795 4203 de
815 4161 984 4204 aetate
993 4170 1328 4219 papyrorum
1347 4170 1379 4202 a
1405 4151 1659 4204 Schoenio
1680 4153 1894 4203 recedas
1918 4184 1971 4190 --
2008 4170 2113 4203 non
2148 4153 2411 4213 habemus,
2450 4160 2498 4203 et
2532 4153 2660 4217 quia
2690 4152 2961 4215 eoeemplar

363 4239 738 4306 Aeyyptiacum
775 4240 972 4307 insigni
1009 4240 1285 4291 lectionum
1322 4240 1629 4291 diversitate
1665 4258 1700 4289 a
1734 4240 2121 4300 recensionibus
2160 4240 2417 4290 librorum
2453 4257 2581 4303 quos
2618 4258 2712 4289 nos
2737 4246 2961 4289 tenemus

362 4327 748 4379 Isocratem-um
771 4328 1033 4380 abhorret.
1073 4328 1361 4379 Praeterea
1395 4326 1504 4377 viri
1539 4326 1681 4377 docti
1716 4329 1870 4377 velim
1906 4328 2343 4387 animadvertant,
2392 4344 2550 4391 quam
2586 4328 2787 4393 eyreyie
2823 4333 2988 4389 quae·

357 4432 484 4481 pay.
534 4418 604 4465 84
651 4432 727 4480 sq.
757 4416 1028 4483 disputavi
1065 4416 1199 4480 ipsis
1215 4432 1556 4481 papyrorum
1594 4414 1899 4465 lectionibus
1948 4414 2342 4478 confirmentur3
2386 4414 2685 4472 accuratIus
2720 4430 2841 4463 vero
2891 4413 2957 4463 de

363 4502 718 4555 Massiliensis
748 4503 1056 4555 auctoritate
1076 4503 1134 4554 in
1159 4502 1392 4553 Hermae
1415 4501 1782 4553 Berolinensis
1805 4504 1905 4553 vol.
1930 4502 2021 4551 XI
2019 4502 2079 4549 X
2081 4519 2143 4565 p.
2164 4505 2266 4552 596
2288 4519 2397 4567 sqq.
2420 4502 2789 4565 disputaturus
2823 4516 2954 4551 sum.
