3237 5131
2807 279 2887 345 95

276 399 379 471 [ad
395 418 521 471 eap.
538 402 582 456 1·
609 407 718 489 qui
750 406 1084 473 Socratem
1130 410 1214 475 ad
1243 410 1623 477 Potidaeam
1655 412 2089 496 Amphipolim
2118 414 2369 479 Delium
2416 420 2641 480 contra
2670 412 2891 483 hostes

605 516 925 576 pugnasse
958 496 1320 577 tradiderit,
1351 492 1693 564 mendacia
1722 500 2012 582 proferre
2041 503 2125 584 ι);
2167 523 2376 583 neque
2411 504 2579 565 enim
2611 505 2676 566 in
2709 526 2891 567 31131-

606 583 828 647 randa
867 584 1277 666 expeditione
1343 591 1569 651 contra
1614 586 2048 670 Amphipolim
2109 594 2409 669 suscepta
2454 589 2891 673 Thucydidem

606 668 891 733 Socratis
937 671 1328 735 mentionem
1373 673 1645 753 inicere3
1706 679 1841 737 tum
1889 675 1971 738 de
2015 696 2230 757 pugna
2273 670 2684 739 Potidaeensi
2729 678 2891 741 haec

603 756 933 836 leguntur·
1003 754 1170 821 πότε
1225 757 1296 822 δὲ
1361 757 1476 822 καὶ
1537 756 1632 837 εἷς
1674 756 2116 825 Ποτείδαιαν
2112 758 2617 869 ἐστρατεύσατο,
2680 758 2768 840 ὡς
2826 762 2891 826 ἐν

603 844 697 926 τῶ
745 837 1074 948 Χαρμίδῃ
1129 848 1240 926 (Ρ.-
1285 850 1403 909 153
1467 846 1545 911 cf
1593 848 1761 953 apol.
1812 851 1969 927 2803
2032 870 2229 954 symp.
2294 852 2413 912 221
2438 853 2485 931 ³)
2546 844 2812 955 είρηκεν
2852 844 2887 914 ὁ

605 904 906 1007 Πλάτων,
931 927 1248 1030 φάσκων
1308 925 1502 996 αὐτὸν
1559 932 1676 997 καὶ
1735 935 1863 997 τῶν
1906 928 2247 1040 ἀριστείων
2308 931 2454 999 τότε
2507 928 2889 1023 Ἀλκιβιάδῃ

605 1017 1113 1101 παραχωρῆσαι,
1182 1019 1374 1083 τοῦτο
1438 1012 1584 1083 οὔτε
1652 1016 2052 1085 Θουκυδίδου
2110 1014 2252 1085 αλλ’
2310 1014 2445 1085 ὀὐδ’
2510 1022 2723 1127 (Dind.
2789 961 2889 1087 cll.

603 1126 664 1208 p.
715 1102 867 1165 220ί
911 1102 1000 1165 VI
1045 1108 1206 1168 233³
1251 1104 1404 1168 Vm
1451 1111 1645 1171 3540.
1710 1100 1839 1171 οὔτ’
1884 1108 2061 1190 libri)
2119 1101 2520 1206 Ἰσοκράτους
2562 1104 2890 1207 εἰρηκότος

605 1187 673 1253 ἐν
713 1211 806 1273 τῳ
850 1184 1005 1274 περὶ
1048 1191 1165 1255 τοῦ
1208 1187 1482 1275 ζεύγους.
1529 1193 1709 1258 Η333
1755 1194 2012 1258 omnino
2058 1200 2283 1259 nostra
2328 1196 2394 1258 in
2427 1197 2718 1260 oratione
2762 1218 2892 1260 non

606 1276 908 1357 leguntur
950 1277 1320 1360 frustraque
1353 1280 1723 1361 quaerimus
1764 1301 2042 1362 quanam
2086 1281 2259 1345 illius
2305 1284 2370 1344 in
2416 1289 2602 1363 parte
2649 1284 2891 1346 mentio

609 1363 894 1430 Socratis
935 1363 1420 1447 Alcibiadisque
1464 1388 1597 1431 una
1632 1368 2054 1450 pugnantium
2085 1366 2441 1450 interlapsa
2487 1390 2629 1433 esse
2667 1370 2889 1452 possit

601 1449 920 1515 Nimirum
977 1450 1139 1515 talia
1183 1452 1306 1517 nisi
1366 1454 1468 1519 in
1491 1453 1851 1518 refutandis
1908 1453 2259 1533 calumniis,
2313 1476 2476 1537 quas
2537 1455 2889 1520 adversarii

609 1558 688 1601 ex
741 1537 874 1600 vita
916 1533 1270 1603 Alcibiadis
1329 1540 1536 1621 patris
1595 1542 1664 1605 in
1709 1540 2111 1605 Alcibiadem
2171 1540 2371 1605 filium
2428 1540 2888 1621 conflaverant,

609 1624 734 1687 dici
779 1623 886 1687 vi'x
928 1630 1310 1707 potuerunt3
1356 1628 1577 1708 itaque
1622 1649 1753 1692 non
1800 1633 1899 1715 est
1944 1650 2059 1692 cur
2104 1629 2428 1710 miremur,
2475 1628 2587 1693 1113
2630 1629 2697 1693 in
2743 1651 2887 1693 ora-

606 1711 798 1775 tionis
857 1716 1110 1793 partem
1183 1712 1371 1779 nobis
1435 1720 1755 1779 servatam
1813 1712 2009 1779 inseri
2085 1715 2373 1797 nequire,
2458 1716 2695 1798 quippe
2764 1737 2892 1797 qua

607 1803 856 1862 tantum
918 1819 998 1863 ea
1041 1798 1492 1864 contineantur
1550 1820 1717 1882 quae
1778 1802 1862 1866 ad
1906 1802 2106 1865 vitam
2165 1802 2491 1884 publicam
2535 1802 2889 1867 Alcibiadis

609 1886 869 1951 maioris
901 1886 966 1948 in
996 1886 1140 1949 luce
1171 1884 1482 1951 Graeciae
1513 1889 1831 1961 versantis
1870 1888 2214 1969 pertinent.
2273 1889 2439 1964 Quid
2470 1909 2620 1953 vero
2669 1890 2890 1954 verisi-

607 1971 818 2037 milius
863 1992 1056 2054 quam
1103 1973 1507 2039 adversarios
1553 1973 1693 2038 filio·
1732 1996 1875 2045 non,
1900 1973 2108 2038 solum
2154 1995 2319 2055 quae
2364 1980 2554 2057 pater
2599 1977 2666 2039 in
2696 1976 2890 2040 rebus

607 2059 802 2139 gestis
847 2058 1196 2141 deliquisse
1249 2061 1453 2126 videri
1497 2062 1729 2143 potuit,
1802 2061 1917 2125 sed
1980 2061 2175 2124 etiam
2223 2082 2391 2142 quae
2446 2062 2622 2125 idem
2668 2063 2889 2139 adule-

607 2167 790 2209 scens
837 2147 904 2209 in
941 2147 1076 2210 vita
1120 2148 1374 2229 privata
1419 2148 1740 2212 commisit
1785 2146 2149 2212 obiecisse?-
2188 2148 2274 2211 Et
2317 2147 2551 2231 Lysiae
2598 2150 2889 2213 oratione

608 2239 839 2313 quarta
885 2232 1154 2312 decima,
1202 2255 1568 2315 quanquam
1613 2235 1683 2298 in
1714 2256 1791 2299 ea
1828 2232 1942 2298 illa
1970 2238 2225 2298 tantum
2252 2235 2685 2316 respiciuntur
2724 2256 2891 2317 quae

608 2322 690 2387 ad
720 2321 918 2384 vitam
948 2319 1272 2401 publicam
1304 2321 1660 2386 Alcibiadis
1686 2320 1929 2397 Cliniae
1960 2320 2075 2385 filii
2098 2326 2415 2403 spectant,
2446 2326 2663 2385 tamen
2696 2342 2894 2403 quae-

609 2409 757 2473 dam
813 2412 962 2471 sunt
1007 2413 1280 2487 servata,
1343 2430 1422 2471 33
1480 2409 1711 2491 quibus
1766 2429 2153 2491 cognoscere
2213 2408 2425 2489 liceat,
2488 2408 2704 2489 qualia
2756 2407 2891 2472 fere

609 2516 772 2578 quae
813 2494 1166 2559 adversarii
1207 2494 1500 2578 proferre
1561 2495 1859 2560 solebant
1902 2495 2143 2559 fuerint
2189 2496 2250 2580 (ᾖ
2292 2500 2395 2559 41.
2430 2496 2575 2576 42).
2662 2494 2891 2577 Itaque

607 2583 958 2646 Isocratem
1026 2588 1099 2646 ut
1168 2583 1378 2647 altera
1444 2584 1754 2647 orationis
1821 2588 2009 2665 parte
2076 2583 2382 2646 adversus
2454 2583 2723 2647 crimina
2781 2581 2893 2646 illa

607 2668 868 2752 publica
909 2671 1238 2752 pugnavit,
1301 2669 1393 2733 sic
1453 2674 1681 2734 contra
1738 2671 1993 2751 privata
2050 2669 2211 2733 haec
2273 2669 2487 2752 priore
2546 2671 2640 2734 ita
2700 2671 2896 2734 verba

606 2756 835 2820 fecisse
883 2756 1147 2836 conicio,
1194 2755 1723 2839 ut‘pulcherrimi
1758 2755 2223 2834 adulescentuli
2267 2757 2370 2818 vix
2402 2754 2663 2838 puberis
2710 2756 2893 2820 forti-

607 2843 897 2906 tudinem
941 2842 1111 2906 bello
1159 2864 1236 2907 ac
1279 2843 1583 2924 periculis
1632 2848 2010 2926 spectatam,
2072 2848 2145 2905 ut
2204 2841 2560 2906 lautissime
2622 2844 2893 2906 viventis

610 2926 760 2993 civis
807 2929 1190 3010 patientiam
1236 2926 1685 2996 admirabilem
1728 2931 2139 3010 vigoremque
2184 2928 2377 2992 nullis
2422 2949 2705 3010 unquam
2752 2951 2892 2993 cor-

566 3012 571 3019 “
607 3016 784 3098 Ρο113
827 3015 1157 3080 laboribus
1204 3021 1317 3080 aut
1361 3017 1559 3080 animi
1605 3017 2121 3082 contentionibus
2185 3015 2527 3098 defessum,
2589 3021 2661 3078 ut
2721 3015 2892 3079 face-

607 3103 862 3166 tissimi
878 3124 954 3166 ac
983 3103 1467 3184 prudentissimi
1511 3103 1758 3168 iuvenis
1803 3103 2130 3184 ingenium
2176 3103 2435 3185 capiens
2479 3102 2649 3166 viros
2699 3107 2893 3183 atque

612 3190 977 3276 devinciens
1009 3189 1348 3261 extolleret
1379 3196 1789 3271 caneretque,
1824 3191 2054 3272 quibus
2086 3211 2205 3253 nec
2238 3189 2661 3288 sapientior-es
2685 3209 2894 3270 neque

611 3296 892 3358 unquam
941 3275 1246 3340 clariores
1293 3277 1440 3340 tulit
1487 3275 1777 3341 Graecia.
1855 3276 1994 3340 Hac
2038 3277 2385 3342 novissima
2427 3277 2495 3339 in
2540 3281 2726 3358 parte
2772 3275 2895 3338 De-

613 3362 947 3433 mochares
995 3362 1280 3427 Socratis
1327 3364 1732 3428 'mentionem
1793 3362 2156 3426 faciendam
2209 3363 2404 3427 fuisse
2450 3362 2639 3427 133113
2684 3363 2898 3445 potuit

615 3450 898 3527 credere,
963 3470 1105 3513 cum
1169 3455 1390 3515 orator
1433 3450 1701 3514 Socrate
1748 3449 2149 3513 Alcibiadem
2194 3471 2235 3513 a
2278 3455 2485 3512 morte
2531 3450 2896 3513 vindicante

611 3536 786 3600 haud
854 3537 1053 3600 sciam
1120 3559 1203 3601 an
1269 3536 1668 3635 splendidius
1737 3536 2059 3600 amicitiae
2120 3534 2349 3599 afferre
2416 3557 2545 3599 non
2613 3537 2897 3617 potuerit

617 3623 994 3705 exemplum.
1087 3624 1272 3699 Quod
1331 3624 1484 3704 quia
1542 3623 1651 3687 ille
1715 3622 1949 3686 eximia
2006 3623 2073 3684 in
2126 3622 2497 3686 laudatione
2543 3621 2895 3686 Alcibiadis

613 3709 874 3791 praeter
905 3709 1271 3812 opinionem
1301 3732 1429 3773 non
1469 3710 1666 3814 legit,
1690 3702 1827 3772 αλλ’
1878 3700 2007 3772 ουδ’
2048 3699 2464 3794 Ἰσοκράτους
2491 3727 2699 3790 neque
2746 3709 2895 3772 3113

613 3793 870 3877 pliciter
939 3788 1080 3860 ου’τε
1147 3793 1545 3860 Θουκυδίδου
1607 3789 1734 3860 οὔτ’
1791 3789 2192 3880 Ἰσοκράτους
2250 3795 2429 3859 dixit.
2528 3796 2613 3858 At
2678 3801 2898 3858 orator

616 3879 924 3946 orationis
951 3883 1317 3947 Isocrateae
1357 3889 1651 3979 tempora
1689 3903 1814 3946 non
1848 3883 2152 3963 respexit,
2201 3882 2331 3944 sive
2378 3882 2530 3962 quia
2574 3883 2712 3962 ipse
2758 3903 2894 3945 rem

615 3990 842 4050 parum
873 3970 1224 4051 perspexit,
1273 3970 1402 4033 sive
1436 3968 1588 4050 quia
1617 3967 1834 4032 fallaci
1880 3967 2372 4066 argumentandi
2417 3969 2668 4031 ratione
2714 3968 2895 4063 audi-

539 4133 544 4138 ,
615 4051 790 4118 tores
836 4055 902 4118 in
950 4076 1232 4120 errorem
1286 4054 1590 4120 inducere
1636 4053 1869 4134 voluit3
1915 4054 2101 4118 valde
2143 4056 2313 4118 enim
2352 4054 2576 4119 dubito
2621 4076 2794 4134 num,
2844 4055 2897 4118 si

520 4279 564 4347 ³)
596 4280 716 4332 Hoc
753 4280 1128 4348 fragmentum
1163 4296 1290 4332 cum
1329 4279 1510 4333 verbis
1549 4297 1655 4348 ap.
1680 4278 1881 4333 Athen.
1906 4278 2001 4331 XI.
2042 4277 2176 4332 5081
2213 4295 2327 4347 sqq
2366 4279 2732 4348 probabiliter
2768 4297 2895 4334 con·

297 4365 486 4420 iunxit
521 4366 676 4419 Blass
720 4367 854 4435 (Att
892 4366 1112 4420 BeredS.
1150 4367 1248 4434 111,
1285 4369 1316 4420 2
1318 4369 1488 4435 ‚3307)
1528 4366 1596 4422 de
1622 4366 1873 4423 oratione
1898 4366 1967 4424 cf
1986 4365 2161 4454 etiam
2184 4384 2234 4423 v.
2267 4365 2658 4425 Wilamovvitz-
2662 4367 2895 4426 Μὸ11311-

299 4451 466 4521 dorff,
504 4453 644 4506 Phil.
685 4455 814 4510 Uut.
853 4455 930 4507 IV
940 4473 1020 4564 Ρ.
1060 4456 1159 4507 196
1198 4473 1275 4526 sq.
2508 4485 2517 4492 ·
