3237 5131
2860 280 2883 306 Q

139 475 146 485 '
247 467 507 537 videtur
550 471 623 536 ut
666 487 808 536 eam
852 487 982 539 non
1023 467 1246 556 magis.
1271 459 1570 539 hemines
1617 487 1811 556 quam
1854 467 2055 556 ipsius
2087 469 2371 548 auctoris
2400 465 2841 540 laudationem

249 581 386 624 esse
457 560 726 624 dixeris:
792 566 892 626 est
951 561 1120 625 enim
1178 562 1554 626 moderatae
1615 561 2203 642 demonstrationiS,
2266 560 2476 626 elatae
2524 563 2843 644 dictioniS,

255 647 572 730 elegantis
613 668 831 711 rerum
874 648 1280 712 tractationis
1327 653 1814 712 monumentum
1856 649 2026 713 inter
2069 670 2279 731 pauca
2322 649 2591 732 insigne.

456 732 696 798 Orator
738 740 1104 818 postquam·
1129 735 1360 800 deinde
1405 736 1576 799 inter
1620 734 1796 799 mille
1844 735 2174 816 ducentOS,
2223 736 2455 817 quibus
2488 756 2567 800 ex
2596 752 2847 819 συμμο-

263 821 407 907 ριῶν
436 821 846 886 institutione
879 843 1073 886 naves
1106 823 1516 887 exornandae
1543 826 1747 902 erant,
1781 827 2079 904 receptus
2112 827 2229 903 est,
2257 827 2391 886 tres
2429 823 2848 889 trierarchias

261 929 410 992 quas
460 907 684 972 dicunt
727 910 1074 992 praestitit,
1121 929 1393 990 quarum
1439 909 1850 982 novissimam
1898 930 2042 973 cum
2088 931 2128 972 a
2157 908 2535 992 Lysimacho
2580 911 2649 973 in
2701 932 2848 993 per-

258 996 676 1060 mutationem
736 1001 1122 1078 provocatus
1169 1018 1210 1060 a
1252 996 1570 1061 iudicibus
1635 997 1976 1060 damnatus
2024 1001 2212 1064 esset.
2300 996 2527 1077 Itaque
2572 1002 2645 1061 ut
2688 998 2848 1062 invi-

260 1081 443 1162 diam,
476 1083 546 1146 in
593 1104 786 1164 quam
810 1083 988 1147 -id
1033 1083 1206 1165 quod
1252 1083 1374 1147 hac
1421 1105 1500 1147 ex
1545 1105 1741 1147 causa
1789 1088 1853 1146 et
1899 1105 1978 1147 ex
2023 1084 2260 1164 priore,
2309 1104 2502 1165 quam
2546 1083 2847 1167 Aphareo

256 1166 380 1232 filio
426 1169 603 1251 apud
647 1170 894 1235 iudices
942 1171 1196 1234 dicente
1260 1171 1581 1250 sustinuit,
1622 1169 2038 1234 intellexerat
2083 1207 2163 1218 -—
2212 1176 2279 1234 et
2332 1173 2471 1253 ipse
2519 1177 2584 1234 et
2630 1171 2851 1237 schola

257 1255 586 1336 inciderat,
639 1258 1044 1340 extingueret
1099 1262 1166 1321 et
1209 1255 1636 1320 Athenienses
1684 1257 1765 1320 de
1810 1257 1942 1320 vita
1989 1279 2105 1321 sua
2166 1279 2242 1322 ac
2304 1257 2598 1328 doctrina
2658 1280 2845 1323 accu-

257 1342 452 1406 ratius
509 1344 834 1424 edoceret,
882 1336 1269 1408 ‘Antidosin'
1329 1343 1547 1408 edidit.
1597 1343 1973 1425 Quanquam
2006 1350 2224 1408 autem
2246 1344 2421 1409 haud
2445 1345 2538 1415 ita
2569 1347 2851 1427 graviter

261 1449 388 1492 sese
435 1429 663 1495 tulisse
711 1431 891 1511 dixit,
940 1432 1112 1513 quod
1143 1431 1448 1513 pecunias
1479 1431 1546 1494 in
1576 1430 1905 1514 publicum
1938 1452 2313 1495 consumere
2349 1437 2610 1505 coactus
2658 1439 2847 1513 esset,

258 1521 462 1580 tamen
509 1538 707 1599 quam
752 1518 1032 1583 libenter
1077 1519 1268 1590 rebus
1317 1518 1447 1582 suis
1493 1519 1910 1601 pepercisset,
1960 1519 2115 1582 satis
2148 1517 2427 1583 dilucide
2458 1520 2669 1585 verbis
2700 1521 2845 1583 istis

257 1604 434 1667 tectis
481 1603 897 1686 significavit:
952 1601 1067 1692 τὴν
1093 1603 1212 1710 μὲν
1243 1595 1354 1669 οὖν
1385 1601 1683 1692 δαπάνην
1730 1599 1933 1682 οὕτως
1976 1598 2340 1691 ἠνέγκαμεν,
2386 1599 2609 1692 ὥσπερ
2637 1627 2875 1694 aquo-v

249 1685 382 1774 ήκει
423 1687 584 1768 τοὺς
651 1688 812 1780 μήτε
877 1688 1026 1755 λίαν
1084 1689 1214 1756 υπὸ
1281 1693 1410 1756 τῶν
1475 1688 1787 1757 τοιούτων
1846 1689 2428 1780 ἕκταραττομένους
2468 1689 2628 1781 μήτε
2672 1718 2844 1758 παν-

251 1883 308 1932 δὲ
341 1885 507 1945 λέγειν
547 1879 726 1953 ὥσπερ
766 1881 793 1931 ὅ
831 1883 1102 1946 Μαχάων,
1155 1883 1242 1934 ὅτι
1279 1884 1420 1952 πρὸς
1451 1878 1795 1950 Ἀναξιμένην
1829 1880 1927 1935 τόν
1964 1882 2335 1952 Λαμψακηνὸν
2368 1884 2584 1952 γράφει.
2624 1887 2848 1954 φέρεται

252 1969 308 2020 δὲ
345 1971 547 2030 ἐκείνου
589 1972 768 2034 λόγος,
813 1967 1014 2038 Ἑλένης
1049 1971 1325 2041 ἀπολογία
1359 1973 1561 2032 μᾶλλον
1603 1957 1745 2022 οῧσα
1776 1966 1915 2040 ἥπερ
1964 1972 2246 2040 ἐγκώμιον,
2284 1971 2405 2040 quis
2441 1971 2535 2025 ille
2570 1971 2847 2026 Machaon

250 2056 408 2112 fuerit
442 2058 718 2126 nescitur;
770 2059 918 2128 quod
954 2060 1134 2128 primo
1171 2059 1369 2126 cuique
1407 2058 1620 2128 impetu
1655 2058 1715 2111 in
1745 2061 1987 2112 mentem
2025 2061 2195 2128 venit,
2246 2060 2501 2120 Μαχάων
2536 2059 2595 2112 in
2631 2060 2846 2121 Μάχων
2924 2102 2926 2106 .

248 2145 571 2199 mutandum
609 2163 727 2200 esse
759 2146 990 2214 (Usener
1023 2150 1232 2214 quaest.
1264 2146 1520 2200 Anaxim.
1551 2164 1605 2215 p.
1641 2149 1701 2198 11
1737 2163 1864 2206 ann.
1885 2145 1957 2215 2),
1994 2146 2177 2200 facere
2200 2163 2411 2214 vereor,
2450 2145 2579 2214 quia
2616 2148 2865 2218 nomina·

251 2233 464 2301 propria
514 2233 655 2286 alias
703 2251 816 2286 non
857 2237 988 2286 nota
1024 2232 1547 2303 periculosissimum
1581 2233 1723 2288 duco
1760 2240 1880 2287 esse
1916 2223 2195 2302 corrigere
2234 2232 2305 2286 ad
2340 2232 2596 2292 illustria.
2667 2233 2845 2286 Testis

249 2307 486 2386 profecto
506 2321 750 2375 Machon
762 2319 1146 2388 Aristophanis
1159 2320 1413 2389 Byzantii
1431 2320 1697 2389 magister
1716 2321 2175 2390 locupletissimus
2196 2324 2339 2374 esset
2350 2336 2365 2388 3
2392 2320 2637 2388 quisquis
2658 2325 2844 2375 autem

253 2403 512 2460 Machaon
551 2407 673 2477 fuit,
712 2425 814 2477 pro
854 2408 1012 2462 nobis
1039 2414 1249 2478 pugnat
1288 2407 1437 2476 quod
1472 2408 1582 2461 iam
1607 2411 1860 2462 veterum
1895 2407 2383 2477 grammaticorum
2415 2407 2709 2476 invenitur,
2748 2408 2845 2476 qui

253 2493 558 2548 'orationem
595 2512 659 2547 eo
699 2499 944 2564 tempore
983 2495 1352 2563 conscriptam
1389 2512 1506 2549 esse
1542 2495 1773 2565 putarit,
1810 2512 1919 2563 quo
1952 2513 2051 2550 nos
2088 2494 2406 2562 suademus3
2444 2511 2574 2547 nam
2606 2493 2841 2564 Blass-io,

251 2582 336 2647 qui
377 2582 728 2637 Anaximinis
766 2584 940 2637 vitam
977 2583 1134 2637 annis
1171 2585 1274 2637 380
1304 2587 1362 2637 et
1393 2586 1496 2638 320
1527 2570 1801 2637 contineri
1825 2584 2023 2651 posuit,
2055 2600 2166 2636 non
2197 2582 2494 2651 adsentior,
2532 2582 2662 2651 quia
2695 2584 2843 2650 quod

250 2668 315 2720 ad
349 2669 504 2723 illum
554 2672 739 2723 locum
789 2671 1102 2739 argumenti
1146 2670 1446 2739 respiciens
1497 2670 1661 2723 dicit:
1723 2664 1891 2724 ‘diese
1940 2670 2250 2739 Conjectur,
2297 2671 2421 2724 dass
2466 2670 2583 2723 Is‚’s
2628 2670 2842 2725 Helena

249 2771 417 2823 gegen
451 2757 561 2810 An.
611 2758 888 2825 gerichtet
935 2757 1030 2822 sei,
1085 2756 1470 2825 widersprieht
1505 2758 1675 2811 sehon
1718 2757 1826 2811 den
1862 2752 2406 2811 Zeitverhaltnissen'
2444 2756 2580 2825 (Att.
2618 2757 2841 2812 Bereds.

247 2842 297 2891 Π
329 2861 380 2912 p.
421 2847 522 2898 352
564 2862 690 2903 ann.
729 2846 818 2914 2.),
886 2845 991 2899 hoc
1028 2848 1112 2899 est
1145 2842 1363 2899 abicere
1401 2844 1797 2914 testimonium,
1847 2844 1995 2915 quod
2038 2862 2165 2897 oum
2200 2844 2443 2898 Diodoro
2481 2843 2841 2898 Anaximenis

247 2944 438 2984 nomen
471 2932 546 2984 ad
577 2932 647 2985 ol.
670 2932 738 2985 98
756 2932 1030 2985 referente
1056 2948 1365 3001 congruens
1397 2932 1566 3001 ipsius
1598 2932 1765 2985 nullis
1794 2948 1923 2986 vere
1954 2931 2266 2986 valentibus
2304 2931 2640 3001 argumentis
2670 2932 2839 2985 stabi-

248 3014 373 3070 litae
404 3018 759 3073 conieoturae
785 3019 1124 3088 adversatur,
1159 3036 1301 3088 quae
1321 3022 1404 3073 est
1419 3019 1692 3073 Helenam
1717 3020 1977 3073 Isocratis
2008 3021 2157 3072 circa
2188 3036 2393 3073 annum
2424 3020 2527 3073 390
2556 3018 2839 3088 scriptam,

246 3102 644 3160 Anaximenem
683 3110 868 3161 autem
903 3107 1052 3160 circa
1088 3108 1192 3161 380
1227 3111 1421 3160 natum
1458 3122 1590 3161 esse.
1630 3106 1783 3161 Nihil
1821 3096 2007 3160 autem
2040 3104 2277 3175 impedit
2312 3108 2603 3174 quominus
2626 3105 2836 3158 Anaxi-

243 3205 422 3243 menes
468 3193 620 3246 oirca
669 3196 788 3262 392,
836 3198 900 3248 ut
937 3194 1210 3248 Usenerus
1245 3195 1383 3262 vult,
1431 3198 1593 3248 natus
1626 3195 1714 3263 sit,
1762 3195 1843 3247 ita
1878 3197 1941 3247 ut
1977 3210 2120 3247 anno
2172 3194 2275 3248 365
2306 3193 2553 3246 laudatio
2590 3191 2835 3247 Helenae

245 3276 310 3328 ab
345 3294 409 3331 eo
448 3280 600 3332 edita
652 3298 769 3333 esse
819 3282 930 3335 iam
986 3282 1176 3351 possit,
1227 3312 1295 3320 -—
1338 3282 1422 3334 De
1457 3282 1761 3349 Polycratis
1796 3276 2039 3335 ‘Helena'
2076 3280 2216 3334 nihil
2251 3280 2456 3349 habe03
2496 3280 2564 3333 de
2594 3278 2834 3348 Gorgiae

146 3356 148 3358 ’
245 3361 342 3417 hoc
376 3367 650 3419 monitum
685 3369 830 3437 v010,
867 3368 1005 3422 nihil
1042 3368 1101 3421 id
1137 3369 1375 3438 probare
1413 3369 1560 3436 quod
1595 3370 1655 3421 in
1691 3368 1999 3422 orationem
2023 3367 2263 3436 Gorgiae
2288 3368 2388 3421 sub
2426 3366 2649 3419 nomine
2673 3366 2833 3420 nobis

245 3450 500 3506 traditam
537 3455 794 3507 Isocratis
829 3457 1000 3510 verba
1037 3456 1244 3509 cadunt
1293 3455 1490 3524 quibus
1526 3454 1796 3509 Helenam
1828 3455 2087 3509 Leontini
2135 3471 2245 3508 non
2296 3461 2409 3507 tam
2456 3453 2834 3507 laudationem

249 3553 407 3603 quam
443 3539 818 3596 defensionem
853 3542 1020 3597 fuisse
1057 3541 1261 3610 edixit3
1308 3542 1414 3595 hoo
1463 3541 1610 3595 enim
1659 3543 1845 3597 nescio
1896 3560 1966 3595 an
2015 3542 2268 3595 omnibus
2315 3540 2521 3594 talibus
2558 3540 2829 3594 declama-

243 3623 494 3697 tionibus,
545 3629 748 3698 quippe
785 3646 1018 3697 quarum
1064 3634 1264 3683 natura
1313 3630 1452 3682 hanc
1501 3630 1562 3682 in
1607 3632 1825 3697 partem
1873 3630 2167 3699 scriptores
2210 3645 2443 3697 peccare
2478 3632 2825 3695 cogerentur,

243 3711 372 3766 vitio
425 3716 569 3769 verti
619 3716 892 3785 potuerit3
959 3720 1206 3770 attamen
1260 3717 1328 3771 de
1365 3716 1573 3785 Gorgia
1610 3712 1887 3771 ‘Helenae'
1936 3720 2157 3769 nostrae
2207 3719 2431 3768 auctore
2480 3714 2692 3768 Blassio
2729 3716 2828 3769 ad-

243 3801 458 3870 sentior,
510 3792 584 3854 οπῗ
614 3800 873 3874 δεύτεραι
912 3805 1202 3875 φροντίδες
1237 3799 1417 3858 ἁπλῶς
1452 3800 1761 3873 σοφώτεραι
1816 3803 1952 3872 (Att.
1999 3803 2221 3857 Bereds,
2258 3804 2315 3853 H
2356 3820 2410 3871 p.
2447 3804 2549 3855 222
2604 3819 2729 3855 ann.
2766 3804 2826 3871 33

241 3885 317 3936 III
353 3892 401 3957 2,
433 3907 486 3958 p.
526 3893 628 3945 326
665 3892 795 3961 sq.);
855 3909 989 3960 quas
1027 3894 1220 3945 contra
1256 3891 1430 3944 movit
1466 3892 1803 3959 suspiciones
1828 3890 2283 3944 Wilamowitzius
2316 3889 2612 3958 (Deutsche
2649 3890 2825 3943 Litte-

244 3978 517 4031 raturzeit.
561 3980 690 4032 1881
733 3996 786 4047 p.
807 3979 949 4048 449),
995 3996 1086 4031 eas
1124 3996 1283 4046 posse
1318 3978 1810 4032 removeri-oredo,
1848 4008 1917 4015 —-
1956 3977 2212 4031 Ceterum
2246 3993 2461 4045 mone0,
2498 3977 2647 4046 quod
2680 3978 2827 4033 viros

243 4058 424 4115 doctos
449 4063 652 4133 fugisse
676 4064 912 4134 videtur,
951 4066 1171 4119 initium
1208 4066 1471 4118 orationis
1510 4065 1660 4133 apud
1682 4054 2091 4118 Ant.'Mona0h.
2121 4066 2151 4115 I
2186 4066 2270 4133 51,
2306 4082 2359 4133 p.
2382 4068 2449 4118 57
2485 4069 2693 4134 extare,
2730 4066 2826 4134 qui

242 4145 416 4203 locum
463 4153 656 4213 κόσμος·
701 4152 860 4204 πόλει
908 4183 975 4193 -
1021 4151 1098 4205 τοὶ
1143 4148 1374 4219 μωμητοὶ
1424 4152 1638 4205 omissis
1686 4152 1871 4206 verbis
1920 4153 1984 4201 δὲ
2032 4152 2199 4213 σοφία
2248 4182 2315 4192 -
2364 4147 2602 4219 ἀλήθεια
2665 4154 2825 4223 (unus

241 4238 462 4291 versus?
513 4243 640 4293 sunt
685 4240 918 4309 triginta
962 4241 1203 4309 quinque
1249 4239 1466 4309 literae)
1521 4240 1773 4309 exhibet3
1822 4240 1991 4293 habet
2040 4240 2131 4289 καὶ
2174 4242 2301 4308 post
2344 4240 2533 4309 πόλιν,
2593 4240 2822 4291 ἐπαίνου

248 4321 440 4393 ἐπαίνῳ
487 4331 550 4380 ut
583 4327 661 4397 A,
712 4328 912 4382 falsum
959 4328 1250 4397 ἐπιθεῖναι,
1295 4331 1511 4380 rectum
1544 4329 1851 4387 μέμφεσθαι
1904 4326 2219 4395 (μωμᾶσθαι
2255 4326 2541 4381 Weidneri
2575 4327 2825 4381 Atticum

247 4425 352 4463 non
386 4416 573 4483 puto);
613 4419 828 4469 ceterae
865 4415 1129 4469 lectiones
1153 4414 1384 4467 Antonii
1421 4432 1606 4467 errore
1632 4418 1795 4468 natae
1834 4418 1987 4482 sunt3
2026 4408 2249 4470 exhibet
2275 4418 2459 4468 autem
2482 4416 2666 4468 locum
2699 4420 2827 4485 post

251 4496 548 4567 Antagenis
584 4503 914 4557 sententiam
949 4503 1066 4556 sine
1101 4502 1378 4555 lemmate.
2717 4510 2719 4512 ’
