3237 5131
306 315 479 377 ,138

256 507 261 512 .
313 499 317 506 ·
352 450 444 519 [ad
495 450 625 503 XIX
648 471 767 529 seq
779 472 934 514 uens
964 450 1357 527 Isocrateum
1385 490 1468 498 —-
1495 451 1676 533 sequi
1695 445 2071 539 Ὑπερείδης
2090 474 2103 486 ·
2132 501 2147 515 .
2176 502 2189 515 .
2210 446 2395 535 (μετὰ
2432 454 2640 517 ταῦτα
2692 448 2970 538 ὕστερον

407 523 489 573 24.
527 524 594 572 4⁶
660 530 814 616 xvi',
874 538 1184 623 Virgilius
1233 539 1296 600 in
1355 537 1527 610 VIII,
1563 539 1780 620 (546):
1839 532 2022 601 ‘l’oxt
2048 540 2212 601 'hinc
2260 539 2345 602 ad
2404 562 2593 601 ozaves
2648 540 2970 624 ,qo-aditur

658 625 974 708 sociosque
1004 618 1258 687 revisit?
1311 627 1486 701 Quae
1518 626 1714 706 igitur
1745 626 1822 690 de
1853 626 2439 707 praepositionibus
2472 626 2969 691 abundantibus

659 711 1026 776 Priscianus
1079 711 1366 794 protulit,
1403 711 1564 775 duas
1594 712 1660 774 in
1692 718 1911 793 partes
1960 710 2206 776 divisit:
2254 715 2431 795 prior
2477 719 2575 776 est
2621 714 2701 778 de
2749 715 2967 778 abun-

659 798 882 862 dantia
929 798 1124 880 apud,
1147 799 1344 862 verba
1389 820 1530 861 cum
1578 798 2165 881 praepositionibus
2213 802 2573 879 coniuncta,
2628 802 2967 882 posterior

659 885 738 949 de
765 885 1164 950 abundantia
1187 886 1358 967 apud
1385 885 1543 949 alias
1574 886 1870 950 notiones
1903 884 2275 950 observatis.
2312 886 2703 950 Novissimus
2736 893 2964 951 autem

655 970 836 1035 locus
881 971 1245 1037 Isocrateus
1293 993 1371 1034 ex
1417 972 1530 1035 illa
1573 972 1742 1036 hanc
1788 972 1854 1034 in
1900 973 2325 1055 posteriorem
2372 974 2535 1037 falso
2581 974 2798 1064 illatus
2832 980 2961 1038 est.

1503 1180 1624 1261 ,19,
1673 1178 1752 1247 ad
1803 1179 1924 1247 ΧΙΧ
1971 1182 2060 1248 46

1659 1288 1747 1367 (p.
1801 1288 1931 1368 70).
2053 1297 2067 1312 ·

837 1428 889 1486 1.
939 1422 1116 1500 Quae
1164 1445 1282 1506 ego
1314 1431 1386 1487 ut
1404 1424 1788 1487 -Priscianea
1832 1424 1984 1488 dedi
2030 1424 2227 1488 verba
2274 1446 2398 1489 non
2443 1424 2509 1488 in
2559 1425 2959 1490 editionibus

656 1510 982 1593 feruntur3
1045 1511 1380 1592 explicabo
1440 1512 1641 1593 igitur
1685 1532 1814 1591 qua
1858 1511 2110 1575 ratione
2158 1518 2420 1576 coactus
2466 1512 2548 1575 ab
2590 1511 2959 1575 editoribus

656 1598 1051 1661 recesserim.
1099 1597 1191 1661 Ac
1237 1598 1515 1679 primum
1559 1598 1733 1679 quod
1780 1604 2031 1662 mutant
2075 1598 2386 1663 librorum
2432 1599 2715 1662 omnium
2776 1598 2957 1661 Pris-

658 1684 1027 1748 cianeorum
1059 1685 1331 1748 ΙΛΙΟΝ
1367 1686 1432 1747 in
1479 1685 1798 1763 ΗΔΙΟΝ,
1847 1706 2013 1767 quae
2061 1686 2431 1749 coniectura
2473 1690 2743 1767 propter
2790 1684 2960 1748 seri-

658 1791 833 1834 orem
897 1770 1291 1835 Graecorum
1357 1771 1585 1836 literae
1661 1796 1701 1859 η
1772 1773 2375 1854 pronunciationem
2440 1771 2616 1836 haud
2683 1793 2958 1854 parvam

656 1857 1228 1921 verisimilitudinis
1261 1860 1541 1941 speciem
1573 1880 1730 1941 prae
1772 1880 1840 1923 se
1872 1859 2018 1939 fert,
2066 1881 2193 1924 non
2241 1858 2625 1941 comprob03
2670 1879 2957 1939 namque

657 1944 1021 2008 accuratius
1053 1944 1107 2008 si
1138 1946 1550 2027 quaesiveris,
1583 1967 1749 2027 quae
1781 1945 2008 2010 literae
2042 1947 2209 2010 male
2242 1968 2281 2009 a
2305 1945 2533 2010 scribis
2563 1945 2957 2009 Priscianeis

654 2031 825 2094 inter
891 2052 959 2094 se
1027 2038 1432 2113 permutatae
1495 2033 1641 2110 sint,
1712 2033 2085 2115 saepissime
2148 2037 2187 2095 Ι
2234 2034 2301 2096 in
2359 2038 2417 2095 Y
2451 2039 2565 2096 aut
2619 2037 2669 2095 Ί
2718 2037 2832 2096 aut
2880 2035 2956 2093 11

655 2118 835 2181 abire
866 2118 1170 2197 invenieS,
1211 2141 1528 2201 nusquam
1557 2120 1624 2182 in
1666 2124 1752 2199 H,
1788 2121 1965 2184 cuius
1995 2120 2062 2183 in
2095 2119 2307 2184 locum
2338 2125 2647 2201 tanquam
2680 2118 2958 2183 solemni

653 2204 962 2269 Italorum
997 2226 1073 2268 ex
1120 2227 1299 2269 more
1346 2208 1406 2269 E
1445 2206 1674 2270 cedere
1721 2206 1901 2271 solet.
1935 2246 2023 2254 —
2052 2206 2213 2269 Tum
2252 2206 2500 2288 μᾶλλον
2533 2202 2703 2269 πολὺ
2729 2205 2955 2284 edunt,

655 2312 798 2355 cum
843 2291 966 2355 hoc
1011 2292 1408 2356 Priscianum
1455 2298 1568 2357 aut
1613 2295 1749 2357 eius
1781 2299 2112 2358 auctorem
2156 2294 2223 2357 in
2268 2293 2449 2357 libris
2494 2291 2959 2373 manuscriptis

652 2377 994 2442 Isocrateis
1024 2377 1258 2459 legisse
1291 2380 1574 2444 omnium
1604 2381 1881 2444 maxime
1913 2382 2045 2444 veri
2077 2380 2385 2444 dissimile
2419 2380 2519 2457 sit,
2568 2380 2722 2461 quia
2751 2378 2956 2442 verba

652 2464 766 2528 illa
811 2464 1131 2546 particula
1161 2460 1202 2553 ἢ
1235 2467 1659 2548 excipiuntur.
1704 2505 1786 2513 —-
1820 2466 2199 2549 Quanquam
2232 2467 2507 2548 denique
2541 2487 2619 2530 ex
2650 2466 2747 2545 iis,
2783 2486 2955 2547 quae

654 2551 852 2615 editio
903 2551 1260 2617 Hertziana·
1317 2553 1607 2636 praebet,
1678 2554 1863 2619 nobis
1932 2553 2087 2637 quid
2154 2554 2609 2636 grammaticus
2677 2551 2959 2616 voluerit

656 2639 943 2702 divinare
1009 2637 1179 2719 licet,
1242 2647 1460 2705 tamen
1521 2642 1775 2722 planius
1832 2648 2027 2725 atque
2075 2642 2439 2705 distinctius
2484 2640 2661 2715 illum
2711 2639 2985 2703 dixisse·

655 2725 867 2794 credO.
958 2725 1054 2790 De
1107 2727 1354 2808 μᾶλλον
1397 2727 1520 2792 hoc
1565 2728 1709 2793 loco
1757 2729 1861 2835 agi
1901 2729 2065 2793 ordo
2111 2729 2445 2793 literarum
2502 2726 2955 2810 alphabeticus

654 2812 919 2893 evincit3
995 2819 1060 2876 et
1119 2835 1264 2877 cum
1311 2813 1525 2877 Latini
1581 2808 1815 2900 ‘maylan
1898 2821 1963 2880 et
2017 2807 2330 2878 ‘mamime'
2391 2812 2666 2897 augendi
2712 2812 2955 2894 gradus

655 2901 1156 2981 comparationis
1206 2922 1401 2964 causa
1447 2902 1839 2983 coniungant
1885 2924 2029 2966 cum
2069 2894 2331 2980 (νηπίω),
2384 2901 2669 2982 itemque
2717 2898 2955 2964 Graeci

653 2987 938 3049 dativum
985 2988 1051 3050 in
1097 2986 1386 3051 formulis
1417 2987 1647 3074 πολλῷ
1675 2988 1922 3070 μᾶλλον
1954 2985 2290 3073 (μάλιστα)
2322 3008 2634 3070 usurpare
2678 2987 2951 3069 possint,

652 3094 863 3136 nonne
915 3073 1147 3137 mirum
1193 3079 1384 3153 esset,
1446 3075 1503 3138 si
1545 3064 1911 3140 Priscianus
1960 3097 2102 3139 eam
2149 3076 2353 3140 solam
2400 3073 2955 3139 constructionem

651 3160 1044 3241 protulisset,
1086 3181 1270 3242 quae·
1297 3182 1336 3223 a
1382 3182 1675 3225 sermone
1721 3162 1951 3228 Latino
1999 3162 2342 3245 discrepat,
2417 3183 2560 3226 eam
2597 3181 2769 3238 vero,
2820 3180 2953 3240 qua

651 3246 903 3329 linguas
972 3247 1142 3311 inter
1201 3269 1268 3310 se
1341 3249 1705 3312 consentire
1769 3244 2063 3314 'evincere
2131 3250 2362 3332 potuit,
2432 3248 2511 3312 de
2580 3268 2761 3311 more
2833 3266 2952 3308 suo

654 3334 1022 3398 omisisset?
1112 3334 1534 3398 Desideratur
1577 3336 1775 3416 igitur
1819 3342 2041 3401 nostro
2087 3337 2230 3414 loco
2276 3334 2659 3399 memoratio
2709 3332 2952 3396 formu-

652 3420 860 3482 larum
901 3414 1156 3507 (πολλῷ
1198 3414 1460 3502 pedum?
1514 3427 1579 3485 et
1620 3417 1876 3509 ίπολλῷ
1919 3417 2245 3505 μάλιστά.
2302 3422 2554 3485 Dixerit
2598 3420 2950 3502 quispiam:

653 3507 807 3589 quid
876 3514 1100 3572 contra
1165 3513 1230 3571 te
1297 3529 1426 3571 non
1474 3517 1745 3592 pugnat
1804 3511 1978 3592 quod
2052 3509 2507 3592 grammaticus
2584 3506 2952 3588 exemplum

650 3594 842 3676 petiit
863 3616 943 3657 ex
985 3594 1289 3676 Isocrate,
1337 3596 1376 3658 i.
1427 3612 1478 3658 e.
1537 3617 1616 3660 ex
1660 3597 1973 3680 scriptore
2020 3597 2192 3679 apud
2238 3617 2429 3678 quem
2473 3593 2699 3678 πολλῷ
2742 3593 2844 3656 his
2867 3592 2952 3679 ⁴in

652 3681 1020 3746 notionibus
1065 3681 1305 3745 frustra
1359 3684 1771 3764 quaesiveriS,
1835 3707 1978 3748 cum
2024 3684 2131 3747 ille
2178 3703 2434 3764 semper
2476 3677 2647 3745 πολὺ
2701 3678 2954 3761 μᾶλλον

653 3773 719 3830 et
763 3763 933 3831 πολὺ
975 3765 1260 3850 μάλιστα
1293 3768 1528 3832 dixerit
1561 3769 1666 3851 (cf.
1699 3793 1761 3853 p.
1792 3776 1911 3835 139
1948 3770 2160 3852 sqq.)‘?
2205 3770 2292 3833 At
2335 3769 2496 3832 nihil
2539 3769 2594 3831 is
2638 3766 2950 3845 monebit,

653 3854 804 3935 quia
848 3857 1244 3937 praepositio
1292 3856 1404 3920 illa
1443 3849 1630 3942 (ΡΜ),
1679 3878 1843 3940 quae
1891 3857 2063 3939 apud
2116 3856 2514 3920 Priscianum
2557 3860 2708 3937 post
2753 3855 2954 3919 verba

654 3942 986 4006 Isocratea
1007 3942 1304 4022 traditur,
1349 3943 1587 4007 clamat
1632 3944 1830 4008 fuisse
1876 3944 2048 4026 apud
2083 3965 2227 4007 eum
2260 3942 2523 4024 aliquid,
2570 3941 2746 4023 quod
2776 3941 2953 4004 idem

655 4028 1022 4108 significans
1083 4035 1278 4111 atque
1337 4027 1510 4095 πολὺ
1568 4031 1989 4114 grammatico
2034 4031 2324 4094 Romano
2385 4030 2686 4094 usitatius
2732 4027 2948 4092 fuerit.

651 4115 884 4179 Utrum
930 4123 1147 4180 autem
1195 4115 1316 4180 fuit
1359 4118 1666 4182 Romanis
1711 4117 2030 4197 usitatius,
2086 4113 2257 4180 πολὺ
2282 4138 2387 4201 ¹an
2430 4114 2661 4200 πολλῷ
2678 4115 2708 4178 Ῥ
2772 4121 2948 4178 certe

653 4203 924 4283 dativus,
973 4210 1046 4268 ut
1092 4204 1217 4284 qui.
1247 4205 1460 4285 aptius
1508 4226 1652 4268 cum
1716 4204 1997 4268 ablativo
2043 4208 2265 4286 posset
2311 4203 2627 4285 componi.
2710 4200 2949 4278 Quam-

653 4289 874 4353 obrem
920 4312 1047 4354 non
1097 4290 1342 4369 dubito,
1391 4291 1545 4372 quin
1593 4288 1687 4355 sic
1732 4291 2097 4356 Priscianus
2145 4289 2511 4372 scripserit:
2602 4290 2951 4370 „Isocrates

652 4369 1096 4464 Αἰγινητικῷ·
1159 4375 1232 4441 ἐκ
1275 4373 1480 4454 ποίας
1539 4378 1594 4442 δ’
1658 4373 1737 4460 ἂν
1808 4373 2025 4454 οἰκίας
2100 4369 2297 4441 ἄλλον
2354 4370 2527 4442 ἴδιον
2587 4371 2731 4441 υἱὸν
2783 4367 2950 4441 εἶδεν

651 4457 827 4550 αὑτῷ
856 4461 1028 4528 πολὺ
1069 4457 1334 4547 μᾶλλον)
1374 4488 1502 4549 pro
1543 4459 1801 4550 (πολλῷ
1843 4458 2105 4547 padum?
2157 4465 2237 4552 <κ
2258 4491 2300 4530 α
2320 4463 2385 4552 l>
2430 4461 2602 4530 πολὺ
2658 4460 2947 4546 μάλιστα
