3237 5131
301 387 582 496 ssoleret
611 413 1118 498 popularemque
1143 412 1386 478 famam
1406 417 1802 511 sequeretur
1826 410 1898 493 ¹),
1950 409 2065 474 sed
2098 409 2294 474 etiam
2324 414 2666 492 poetarum
2693 411 2953 478 inventa

271 501 540 574 emetri
587 503 822 567 decore
870 502 1103 566 orbata
1149 500 1526 582 saepissime
1591 497 1955 563 sententiae
2016 497 2209 579 plane
2255 517 2458 561 vacua
2504 519 2645 563 esse
2692 505 2951 566 conten-

287 589 536 668 'deret
584 589 700 669 (IX
733 594 768 652 9
805 590 993 674 sqq..)
1044 587 1221 664 Quae
1255 588 1406 652 dum
1439 586 1685 665 scribit,
1732 588 1872 669 ipse
1918 605 2037 648 nos
2069 584 2242 665 quod
2270 581 2473 648 voluit
2504 585 2751 650 docuit:
2800 588 2955 653 talia

353 676 522 742 enim
569 681 718 740 sunt
763 676 963 740 verba
1004 674 1282 739 hominis
1329 673 1617 738 aemulos
1652 671 2102 756 oppugnantiS,
2137 671 2247 752 (1111
2279 672 2736 754 competitores
2758 695 2952 740 aurae

187 755 210 836 's
351 761 686 848 popularis
731 763 825 826 ita
871 783 1178 845 superare
1205 761 1440 839 studet
1487 765 1562 824 ut
1607 781 1753 826 cum
1791 760 1900 824 isti
1925 758 2128 822 solam
2162 758 2539 824 elocutionis
2573 759 2953 844 elegantiam

285 857 308 936 ᾗ
349 849 647 934 neglecta
693 851 1016 914 sententia
1062 849 1367 929 curarint,
1414 849 1626 945 ipsum
1674 869 1743 912 se
1776 847 1944 911 elate
1986 845 2270 927 cogitata
2302 847 2593 928 speciose
2634 849 2953 931 explicare

333 935 543 1002 dicat.
589 937 814 1018 Neque
869 957 1021 1001 vero
1067 935 1332 1000 Homeri
1406 935 1588 1018 poesi
1652 933 2109 1015 veteribusque
2175 933 2439 1031 tragicis
2492 936 2955 1002 adversabatur

165 1021 220 1106 ηιξ]
351 1023 442 1110 (11
486 1024 632 1107 48):
680 1025 944 1106 tragicis
987 1024 1458 1088 recentioribus
1506 1022 1937 1087 obtrectabat.
1983 1019 2249 1083 Illorum
2300 1021 2487 1102 enim,
2529 1042 2689 1120 quos
2716 1025 2952 1105 optime

327 1121 420 1184 ’86
479 1111 739 1175 novisse
803 1111 1014 1175 fassus
1061 1115 1160 1175 est
1206 1109 1355 1192 (XII
1403 1110 1534 1192 33),
1580 1109 1975 1173 mentionem
2038 1106 2393 1205 simplicem
2454 1108 2693 1173 inicere
2756 1110 2949 1176 solet:

139 1195 207 1280 ’Ἣ
307 1193 466 1264 ·”1108
529 1203 603 1262 1113
665 1199 802 1261 81116
862 1198 1330 1279 vituperatione
1399 1196 1687 1278 appellet
1730 1196 1836 1260 vix
1882 1195 1962 1259 ab
2012 1195 2225 1258 animo
2294 1195 2601 1277 impetrat
2646 1197 2761 1281 (IV
2813 1202 2952 1261 168.

143 1295 174 1332 ³³
207 1295 236 1368 ’.ἲς
301 1313 314 1352 1
349 1285 406 1350 V
441 1289 586 1349 109.
618 1284 710 1348 IX
744 1286 892 1368 62..)
939 1285 1123 1348 Hanc
1157 1284 1432 1382 denique
1481 1283 1536 1347 si
1581 1282 1828 1348 oratori
1875 1303 2019 1345 cum
2063 1281 2273 1363 poetis
2320 1282 2713 1350 simultatem
2757 1284 2952 1349 fuisse

231 1365 272 1440 ..⁹
351 1372 674 1451 statueriS,
737 1393 865 1435 non
926 1372 1264 1436 miraberis
1325 1372 1536 1453 ipsum
1595 1370 1994 1452 tragicorum
2048 1369 2311 1433 nomina
2373 1368 2630 1434 silentio
2676 1372 2952 1436 transire

243 1491 270 1536 χ
305 1459 647 1541 ⁴'interque
695 1458 1043 1544 discipulos
1093 1459 1228 1522 eius
1273 1479 1516 1541 paucos
1564 1458 1914 1522 admodum
1959 1476 2231 1538 poeseos
2275 1456 2547 1521 inveniri
2608 1463 2950 1540 amatoreS,

177 1565 182 1574 ·
297 1555 500 1616 „cum
545 1551 874 1611 oratorum
919 1567 1264 1644 rerumque
1326 1545 1714 1627 scriptorum
1760 1544 2091 1609 Isocratea
2151 1543 2447 1608 doctrina
2514 1546 2953 1610 institutorum

309 1632 700 1704 *eminentia
759 1633 1018 1715 ingenia
1076 1631 1498 1696 inclaruerint
1563 1630 1872 1714 plurima:
1952 1651 2115 1712 quos
2185 1630 2450 1695 cottidie
2510 1633 2949 1714 impugnabat,
3014 1631 3021 1644 '

335 1737 602 1871 ¹·eor11md
622 1720 863 1802 scripta
908 1720 988 1784 de
1036 1742 1152 1784 sua
1182 1720 1385 1808 ipsius
1415 1724 1555 1784 arte
1586 1723 1881 1783 metuens
1914 1718 2089 1801 apud
2121 1717 2469 1800 discipulos
2500 1720 2606 1783 vix
2634 1725 2949 1786 tractasse

117 1857 124 1868 .
249 1815 272 1846 θ
305 1809 557 1892 [putan
605 1828 680 1871 us
728 1812 846 1872 est.

575 1893 817 1971 Quodsi
861 1893 1153 1974 Isocrati,
1199 1900 1273 1958 ut
1319 1915 1484 1977 quae
1529 1893 1732 1959 voluit
1792 1895 2261 1974 assequeretur,
2325 1891 2558 1974 dignae
2617 1895 2950 1977 proposito

352 2003 458 2048 res
493 1983 874 2046 tractandae
923 1987 1125 2068 erant,
1174 1988 1394 2064 spreta
1438 1979 1711 2045 historia
1750 1979 2043 2058 fabulari,
2090 1980 2534 2062 promptuario
2579 1981 2691 2045 illo
2724 1981 2950 2046 adver-

315 2153 322 2158 ·
355 2066 688 2148 sariorum,
736 2069 821 2133 ad
851 2034 1125 2151 patrum
1150 2091 1252 2132 res
1285 2073 1498 2150 gestas
1539 2067 1711 2133 solas
1745 2087 1812 2132 se
1846 2066 2137 2130 conferre
2171 2071 2432 2131 coactus
2466 2072 2581 2130 est
2630 2067 2729 2131 An
2763 2090 2843 2132 ex
2869 2069 2949 2132 118

355 2176 520 2238 (11166
565 2161 714 2238 post
743 2155 1030 2220 Athenas
1077 2157 1322 2220 dirutas
1368 2155 1546 2219 facta
1591 2158 1739 2219 sunt
1785 2153 2027 2218 civibus
2075 2153 2371 2236 exempla
2414 2154 2668 2236 patriae
2714 2157 2950 2220 amoris

82 2285 98 2303 ·
273 2273 276 2276 ⁴
317 2243 551 2318 witam
596 2243 874 2307 libenter
904 2243 1237 2325 prodentis
1268 2243 1560 2325 proferre
1604 2241 1831 2304 licuit?
1877 2263 1960 2304 an
2006 2246 2386 2322 argumenta
2431 2241 2582 2306 inde
2632 2247 2948 2325 repetere,

191 2337 196 2344 ”
263 2369 266 2372 ·
311 2403 314 2406 ⁴
354 2329 584 2410 quibus
631 2329 1117 2394 Atheniensium
1161 2352 1289 2395 non
1336 2328 1995 2394 Lacedaemoniorum
2040 2329 2106 2390 in
2154 2327 2427 2392 Graecia
2474 2350 2613 2394 esse
2660 2329 2949 2394 domina-

243 2489 248 2496 „
307 2415 312 2420 ’
347 2415 597 2481 ‘tionem
644 2417 874 2481 decere
918 2417 1225 2499 probaret
1249 2419 1280 2480 ‘?
1339 2437 1424 2481 611
1485 2414 1928 2498 expeditiones
1987 2414 2270 2497 insignes
2316 2453 2398 2461 —-
2445 2422 2705 2497 praeter
2757 2438 2951 2481 unam

329 2553 336 2560 .-
355 2502 891 2586 Xenophonteam
916 2541 999 2550 -——-
1025 2526 1296 2586 quarum
1341 2522 1653 2588 prospero
1689 2523 1768 2565 ex
1800 2506 2030 2565 eventu
2078 2501 2370 2567 stimulos
2416 2503 2784 2585 aequalium
2812 2504 2949 2569 ani-

348 2592 479 2665 mis
511 2592 595 2655 ad
625 2591 864 2655 bellum
898 2598 1124 2656 contra
1146 2593 1378 2657 Persas
1412 2590 1810 2656 concitandis
1842 2589 2176 2654 adferret?
2222 2589 2410 2654 Tales
2442 2595 2659 2655 autem
2689 2597 2949 2674 patrum

251 2694 258 2711 ²
357 2683 544 2743 erant
601 2699 706 2741 res
767 2684 1006 2760 gestae,
1077 2701 1347 2762 quarum
1415 2684 1552 2742 tum
1612 2678 1743 2741 iam
1804 2675 2090 2741 sanctior
2153 2676 2593 2759 illustriorque
2656 2684 2950 2743 evaserat

157 2806 162 2813 ·
225 2786 228 2791 ·
325 2766 697 2837 ⁴memoria:
748 2767 1020 2831 oratoris
1067 2766 1299 2830 aetatis
1344 2768 1410 2829 in
1455 2766 1687 2830 umbra
1729 2764 2119 2846 paucissima
2166 2764 2545 2863 convaluere
2591 2766 2823 2847 quibus
2853 2766 2949 2830 uti

357 2852 586 2934 potuit.
610 2852 663 2935 2)
711 2851 841 2916 Aut
886 2854 1080 2951 igitur
1125 2853 1396 2919 Isocrati
1439 2873 1671 2917 causae
1706 2851 2082 2934 grandiores
2110 2852 2367 2915 omnino
2406 2874 2537 2916 non
2566 2854 2947 2917 tractandae

353 2938 619 3003 fuerunt
664 2943 775 3002 aut
819 2940 1133 3004 maiorum
1181 2962 1260 3004 ex
1303 2940 1697 3004 facinoribus
1756 2938 2034 3019 gloriose
2093 2940 2485 3020 perpetratis
2544 2940 2949 3021 potissimum

357 3046 474 3090 sua
518 3018 777 3089 haurire
826 3028 1079 3091 debuit:
1147 3027 1308 3091 illud
1377 3032 1593 3091 autem
1641 3026 1700 3090 ei
1746 3046 1891 3089 cum
1938 3045 2097 3108 opus
2146 3030 2335 3105 esset,
2404 3031 2478 3089 ut
2535 3027 2947 3109 tragicorum,

358 3134 629 3195 quorum
675 3114 860 3193 quasi
903 3114 1177 3179 vicarius
1225 3134 1364 3179 esse
1410 3113 1630 3193 voluit,
1677 3133 1797 3195 par
1842 3113 2132 3177 aemulus
2181 3113 2507 3193 existeret,
2553 3112 2679 3177 hoc
2724 3135 2949 3197 super-

357 3198 584 3271 sedere
619 3220 747 3263 non
779 3201 1006 3282 potuit.
1054 3201 1279 3283 Itaque
1313 3222 1457 3265 cum
1501 3200 1758 3263 illorum
1800 3200 1867 3263 in
1912 3199 2101 3264 factis
2148 3206 2213 3264 et
2259 3199 2539 3265 6011811118
2584 3202 2951 3267 necessario

357 3286 622 3350 cottidie
651 3292 1033 3367 versaretur,
1082 3289 1236 3370 quid
1265 3288 1498 3352 mirum
1530 3287 1702 3369 quod
1738 3286 1943 3351 multa
1970 3287 2121 3351 inde
2151 3309 2379 3370 parum
2414 3294 2591 3352 recte
2636 3289 2721 3353 ad
2768 3310 2949 3353 suam

365 3378 648 3437 aetatem
694 3374 1071 3438 transtulit?
1158 3375 1320 3440 Erat
1360 3374 1584 3440 homo:
1661 3373 1762 3437 cui
1808 3379 2024 3438 autem
2068 3374 2398 3439 hominum
2443 3374 2573 3439 tale
2620 3376 2777 3457 quid
2820 3396 2950 3439 non

359 3459 653 3524 accidere
699 3459 886 3525 facile
932 3462 1162 3543 potuit,
1211 3462 1266 3525 si
1311 3462 1571 3544 quidem
1615 3462 1755 3544 ipse
1802 3482 2056 3543 quoque
2102 3461 2288 3526 fatali
2349 3463 2628 3543 quodam
2695 3463 2959 3527 vinculo¹

293 3548 296 3551 ’
359 3568 504 3611 611111
548 3546 804 3610 illarum
869 3569 1084 3613 rerum
1149 3548 1539 3613 tractatione
1607 3548 1984 3613 coniunctus
2050 3547 2331 3613 fuisset?
2376 3586 2459 3595 -—
2506 3548 2688 3613 Licet
2754 3551 2952 3632 igitur

356 3633 567 3716 ipsum
598 3633 756 3698 illud
789 3635 1071 3699 studium
1117 3636 1361 3702 oratori
1402 3636 1557 3701 vitio
1591 3636 1675 3700 sit
1703 3636 2099 3715 vertendum,
2145 3642 2364 3700 tamen
2406 3635 2615 3706 laudis
2662 3638 2721 3701 61
2754 3658 2951 3702 661186

358 3720 534 3784 facta
595 3725 724 3784 est:
794 3721 906 3785 1116
967 3724 1137 3788 6111111
1203 3728 1544 3807 poetarum
1602 3724 1960 3788 imitatione
2022 3728 2089 3787 et
2148 3723 2577 3788 aemulatione
2637 3730 2949 3823 tanquam

358 3806 681 3889 gladiator
738 3808 805 3871 in
863 3810 1018 3875 ludo
1087 3811 1172 3876 ad
1239 3812 1592 3877 certamina
1669 3831 1833 3893 quae
1896 3810 1956 3875 ei
2016 3832 2162 3875 cum
2222 3811 2605 3876 adversariis
2668 3817 2733 3875 et
2791 3812 2951 3895 ipsis

574 4000 610 4069 ¹)
647 4001 712 4055 U.
753 4000 820 4053 de
846 4000 1613 4069 Wilamowitz-Miillendorff,
1654 4002 1722 4055 de
1748 4002 2031 4070 Euripidis
2068 4002 2380 4055 Heraclidis
2418 4007 2707 4057 comment.
2758 4022 2811 4073 p.
2849 4004 2952 4058 XV

359 4086 491 4156 (ind
518 4088 645 4141 lect.
679 4086 883 4156 Gryph
927 4088 1097 4157 1882).
1139 4088 1312 4155 Quem
1347 4089 1532 4142 locum
1571 4089 1698 4157 (XII
1725 4090 2017 4160 168—174)
2048 4093 2241 4144 contra
2274 4090 2523 4159 proferre
2557 4092 2785 4161 possint,
2825 4110 2953 4146 eum

359 4191 468 4242 quo
505 4174 625 4243 quis
653 4174 962 4228 accuratius
985 4175 1156 4229 verba
1180 4176 1412 4229 oratoris
1436 4176 1813 4244 perlustrabit,
1842 4193 1905 4231 eo
1929 4176 2109 4245 magis
2131 4195 2256 4231 mea
2278 4195 2379 4246 pro
2405 4177 2679 4231 sententia
2700 4197 2955 4249 pugnare

360 4260 586 4313 videbit.
663 4260 1016 4315 comoediam
1064 4246 1149 4315 bis
1198 4279 1324 4316 cum
1373 4267 1694 4333 contemptu
1741 4267 2038 4318 memorat:
2075 4266 2131 4315 H
2177 4266 2260 4318 44.
2316 4264 2450 4319 VIII
2501 4266 2579 4317 14.
2651 4266 2733 4320 De
2769 4268 2949 4335 poetis

361 4347 632 4416 gnomicis
670 4348 738 4401 cf.
776 4348 932 4402 Blass
967 4348 1434 4404 Att.Bereds.11
1467 4352 1550 4403 44.

575 4435 616 4504 ²)
653 4434 805 4490 Haec
841 4435 901 4489 in
934 4435 1058 4491 loco
1095 4435 1328 4492 inseruit
1363 4437 1663 4509 laudesque
1708 4438 1943 4493 Cononis
1978 4439 2272 4509 Euagorae
2320 4440 2603 4495 Timothei>
2632 4440 2951 4495 celebravit.
