3237 5131
2685 349 2756 414 11

158 483 647 567 malitiamque
627 506 709 548 10
719 483 856 553 dies
881 489 1104 550 auctas
1137 478 2103 568 1161616101,Ῥ606111606100111>
2138 487 2521 571 conscripsit
2550 494 2764 554 01108-

162 594 284 655 (106
330 572 765 637 refutaturum
811 595 879 638 se
928 593 1068 637 esse
1116 595 1410 656 sperans3
1477 595 1687 661 neque
1754 596 1905 640 vero
1962 579 2112 658 post
2155 595 2439 674 pugnam
2486 575 2769 641 Chaero-
2838 610 2859 625 »

163 682 434 725 11608610
479 659 642 725 11660
690 660 979 727 defensio
1027 666 1352 728 oratorem
1395 662 1805 745 popularium
1852 662 2035 727 clade
2084 663 2511 728 excitatorum
2554 663 2771 729 furore

168 754 233 810 et
276 748 527 813 ultione
573 747 1029 831 prohibuisset,
1099 748 1225 812 nisi
1291 745 1573 847 morbus,
1622 770 1749 831 quo
1794 750 1925 814 iam
1972 748 2082 813 diu
2140 749 2476 830 laboravit,
2538 750 2773 815 sollici-

170 835 502 900 tudinibus
537 835 1203 917 concitationibusque
1236 836 1431 899 animi
1470 837 1842 919 piaesentia
1873 835 2148 923 dolentis
2179 836 2396 901 futura
2423 839 2773 902 metuentis

171 924 614 1004 ingravescens
653 923 928 1006 temperi
966 923 1136 986 vitae
1174 921 1368 988 finem
1405 923 1820 1006 imposuisset
1848 925 1918 1006 ¹).
1982 923 2275 988 Mortuus
2315 929 2413 988 est
2451 923 2772 989 Isocrates
2803 922 2805 929 ’

175 1014 520 1091 antequam
567 1010 706 1092 ipse
752 1010 1128 1092 intellegere
1175 1016 1415 1091 posset,
1480 1016 1721 1092 quanto
1768 1010 2007 1074 rectius
2070 1031 2264 1092 quam
2308 1010 2776 1079 Demosthenes

172 1096 246 1159 de
305 1096 502 1162 rebus
576 1097 841 1161 Graecis
902 1097 1178 1181 publicis
1237 1097 1604 1161 iudicasset.
1695 1097 1818 1160 Hic
1879 1097 2047 1162 enim
2100 1097 2293 1162 urbes
2354 1099 2776 1181 civitatesque

170 1184 367 1247 inter
404 1205 473 1249 se
547 1184 936 1248 dissidentes
1007 1189 1072 1247 61
1138 1188 1447 1266 tanquam
1514 1187 1855 1248 enervatas
1921 1183 2349 1248 Macedonum
2414 1185 2775 1267 legionibus

170 1271 481 1335 obsistere
529 1292 722 1353 posse
766 1278 947 1336 ratus
994 1275 1176 1334 tanto
1206 1273 1389 1352 peior
1425 1271 1713 1336 Isocrate
1752 1293 1970 1338 rerum
2015 1293 2089 1335 61
2093 1272 2261 1336 biter
2290 1271 2627 1338 habendus
2656 1279 2773 1354 est,

170 1363 403 1457 quanto
453 1364 782 1424 oratorem
827 1356 1110 1440 patriae
1127 1379 1364 1437 610016,
1414 1379 1605 1439 quem
1650 1357 1760 1422 ille
1805 1359 1873 1421 in
1920 1379 2030 1423 ore
2078 1379 2349 1442 semper,
2378 1359 2617 1427 dudum
2645 1383 2776 1428 non

173 1446 295 1508 iam
335 1447 402 1508 in
449 1451 720 1527 pectore
789 1444 1034 1523 habuit,
1105 1445 1429 1526 superavit
1489 1467 1618 1531 non
1686 1445 1947 1526 verituS,
2021 1446 2075 1509 81
2134 1446 2202 1510 1(1
2246 1444 2387 1510 fieri
2433 1448 2772 1529 potuisset,

173 1533 295 1595 vita
313 1531 719 1596 Athenarum
763 1531 1132 1596 libertatem
1177 1533 1530 1614 redimere3
1576 1532 2008 1598 labefactatus
2056 1539 2156 1605 est
2200 1538 2419 1597 autem
2463 1533 2771 1600 Isocratis

174 1641 346 1683 amor
387 1620 647 1702 patriae
696 1641 840 1684 cum
887 1640 1028 1682 sese
1059 1641 1204 1682 non
1250 1619 1650 1684 Athenarum
1696 1621 1810 1685 sed
1872 1621 2071 1685 totius
2119 1619 2432 1684 Graeciae
2493 1621 2775 1686 incolam

173 1712 233 1768 et
278 1707 484 1771 civem
531 1706 976 1786 arbitraretur,
1026 1707 1206 1771 cuius
1253 1708 1612 1772 sententiae
1672 1707 1881 1790 prima
1940 1708 2211 1789 vestigia
2270 1708 2402 1772 iam
2446 1708 2512 1771 in
2559 1709 2767 1772 Pane-

172 1795 377 1877 gyrico
425 1793 971 1876 deprehendimus
1021 1794 1084 1877 (ξ
1131 1794 1264 1876 50).
1369 1793 1576 1858 Laudi
1620 1815 1772 1859 vero
1835 1795 1961 1875 isti,
2026 1816 2153 1876 qua
2200 1800 2266 1859 et
2308 1793 2661 1859 Isocratem
2710 1802 2775 1860 et

175 1902 247 1942 ex
287 1881 856 1945 Macedonicarum
901 1881 1185 1963 partium
1233 1881 1597 1963 quicunque
1645 1903 1774 1946 non
1804 1881 2107 1947 illiberali
2134 1882 2256 1946 fuit
2286 1883 2501 1946 animo
2532 1883 2770 1964 imper-

171 1969 393 2032 tiamus
425 1988 696 2032 necesse
729 1974 845 2048 est,
872 1967 1324 2032 Demosthenis
1370 1969 1623 2050 patriae
1669 1990 1851 2033 amor
1894 1974 1967 2032 ut
2011 1968 2438 2032 admiratione
2486 1971 2770 2034 omnium

172 2076 310 2118 vere
347 2056 583 2136 dignus
614 2055 708 2118 ita
737 2051 1224 2137 intempestivus
1261 2061 1462 2136 atque
1494 2056 1898 2137 importunus
1945 2054 2169 2119 obfuit.
2219 2055 2605 2122 Celebranto
2640 2057 2773 2122 De-

169 2142 519 2205 mosthenis
565 2143 901 2205 virtutem:
951 2147 1218 2206 cavente
1266 2163 1347 2206 ne
1392 2163 1496 2206 res
1544 2147 1803 2226 gestas
1822 2146 2071 2220 eventu,
2127 2143 2432 2206 virtutem
2483 2144 2769 2209 moribus

170 2230 524 2293 metiendas
599 2250 739 2294 esse
810 2229 1289 2296 obliviscantur
1377 2227 1517 2292 Hac
1586 2251 1667 2293 ex
1731 2220 1979 2294 ratione
2036 2228 2506 2294 Demosthenes
2573 2231 2765 2314 longe

169 2315 388 2380 melior
456 2316 615 2380 civis
681 2317 868 2390 nobis
934 2317 1188 2380 videtur
1255 2337 1416 2393 esse,
1499 2317 1740 2380 rectius
1808 2316 2160 2381 Isocratem
2226 2316 2584 2381 iudicamus
2650 2338 2771 2399 per

173 2423 387 2483 pacem
433 2403 976 2485 condicionesque
1022 2408 1354 2488 receptam
1397 2402 1748 2467 liberarum
1805 2404 2136 2468 civitatum
2203 2405 2770 2487 congregationem

178 2510 308 2553 cum
370 2512 543 2555 nova
596 2490 1054 2555 dominationis
1109 2490 1317 2555 forma
1348 2490 1429 2575 ,in
1469 2491 1614 2555 dies
1664 2491 2205 2571 convalescente‚·
2241 2491 2563 2574 singulare
2626 2491 2770 2556 dico

173 2577 522 2660 imperium,
597 2580 969 2643 consociare
1041 2579 1385 2642 studuisse.
1478 2578 1608 2643 Sed
1666 2578 2005 2656 IsocrateS,
2067 2600 2212 2643 cum
2259 2599 2424 2661 quae
2471 2579 2771 2644 facienda

175 2670 378 2728 essent
425 2665 671 2747 optime
717 2666 1174 2747 perspexisset,
1221 2666 1289 2729 id
1331 2666 1471 2747 ipse
1521 2687 1675 2729 suae
1722 2665 1899 2730 laudi
1946 2666 2350 2746 detrectavit,
2399 2667 2574 2747 quod
2604 2688 2768 2749 quo—

175 2752 355 2817 modo
418 2754 504 2816 ea
565 2758 783 2816 essent
847 2751 1244 2835 perficienda
1310 2757 1578 2834 propter
1644 2753 1874 2816 miram
1947 2754 2273 2834 quandam
2340 2753 2771 2835 ignorantiam

375 2945 414 3013 ¹)
455 2942 725 2997 Similiter
771 2942 1012 2996 Blassius
1059 2942 1271 3011 primus
1318 2946 1488 2996 recte.
1575 2942 1726 3009 Quae
1774 2942 2073 2997 traduntur
2120 2944 2342 2997 fabulae
2389 2942 2499 2997 fide
2547 2961 2771 3013 prorsus

173 3030 424 3099 indignae
463 3035 617 3084 sunt:
656 3048 721 3085 ea
758 3030 905 3084 enim
934 3046 1073 3098 quae
1095 3030 1364 3084 Demetrii
1389 3034 1446 3083 et
1469 3028 1714 3098 Apharei
1740 3031 2096 3085 auctoritates
2130 3048 2264 3100 prae
2290 3049 2348 3084 se
2374 3030 2497 3099 fert,
2535 3034 2774 3086 testatur

173 3115 276 3169 iam
310 3119 500 3185 paucis
541 3118 697 3172 annis
732 3121 859 3187 post
894 3122 1130 3171 mortem
1167 3117 1402 3172 oratoris
1438 3116 1593 3170 varia
1629 3117 1839 3172 tradita
1876 3135 2021 3183 esse3
2072 3118 2335 3171 nimirum
2370 3117 2610 3172 asseclae
2647 3135 2773 3172 eum

173 3204 604 3274 celebraverunt,
644 3205 816 3259 ceteri
843 3209 938 3259 aut
965 3204 1292 3273 simpliciter
1316 3208 1510 3258 contra
1537 3203 1797 3258 dixerunt
1821 3208 1917 3258 aut
1942 3206 2265 3259 calumniati
2290 3209 2447 3274 sunt3
2484 3209 2775 3275 praeterea

173 3289 411 3359 Apharei
463 3297 518 3346 et
567 3293 836 3347 Demetrii
895 3292 1274 3345 testimonium
1323 3310 1449 3346 cum
1495 3292 1703 3346 fabella
1755 3292 2078 3347 stultissima
2126 3292 2421 3347 coniuncta
2470 3296 2553 3346 est
2602 3293 2772 3361 (apud

171 3375 524 3432 Plutarchum
558 3380 655 3433 vit.
682 3380 733 3432 X
770 3397 847 3432 or.
883 3380 1054 3433 verba
1090 3377 1200 3450 πρὸ
1240 3380 1499 3432 ἐνιαυτοῦ
1534 3410 1602 3419 -
1637 3375 2086 3449 Ἀρεοπαγιτικόν
2123 3380 2521 3434 sententiarum
2568 3397 2772 3434 nexum

176 3462 490 3519 dirimentia
524 3465 667 3520 male
705 3466 1033 3535 interposita
1070 3468 1217 3536 sunt)
1255 3467 1314 3520 in
1360 3468 1476 3521 vita
1513 3465 1801 3536 anonymi:
1850 3464 2236 3536 προαναγνοὺς
2272 3468 2334 3518 δὲ
2369 3467 2610 3521 τούτους
2641 3464 2775 3521 τους

173 3551 391 3613 στίχους
427 3554 762 3621 ἐτελεύτησεν
801 3555 854 3605 ἐκ
890 3556 1054 3623 τριῶν
1093 3555 1389 3624 δραμάτων
1426 3552 1771 3625 Εὐριπίδου·
1841 3550 2085 3609 εΔαναός
2133 3554 2162 3603 ὁ
2204 3554 2548 3622 πεντήκοντα
2595 3560 2771 3619 θυγά-

170 3641 336 3707 τέρων
370 3638 574 3711 πατήρ.
607 3640 617 3711 Ι
646 3642 920 3694 Σιδώνιόν
943 3643 1072 3693 ποτ’
1112 3638 1253 3694 άστυ
1281 3639 1522 3702 Κάδμος
1547 3642 1787 3696 ἐκλιπών.
1821 3643 1829 3713 Ι
1860 3644 2050 3703 Πέλοψ
2077 3641 2104 3691 ὁ
2134 3642 2469 3697 Ταντάλειος
2493 3640 2569 3697 εἷς
2592 3644 2772 3694 Πῖσαν

171 3726 356 3796 μολών,
394 3746 533 3799 (1066
553 3728 740 3782 fabula
758 3746 925 3797 quam
950 3730 1212 3799 ambigua
1249 3730 1321 3784 sit
1355 3730 1702 3799 intellegitur
1738 3747 1807 3784 ex
1846 3728 2027 3800 [Luc.]
2065 3729 2311 3783 Macrob.
2331 3732 2425 3785 23:
2461 3726 2647 3801 Ἰσοκρ.
2677 3770 2688 3783 .
2717 3770 2727 3782 .
2758 3771 2768 3782 .

174 3815 534 3875 ποτνιώμενος
555 3814 655 3868 τόν
681 3811 1046 3886 Εὐριπίδειον
1073 3817 1262 3880 στίχον
1287 3820 1662 3887 προηνέγκατο
1692 3815 1767 3871 εἷς
1793 3814 1991 3869 ἑαυτὸν
2029 3812 2339 3885 ἀναφέρων·
2375 3813 2667 3869 ’Σιδώνιον
2702 3848 2771 3857 -

172 3900 431 3955 ἐκλιπών’·
480 3907 570 3953 καὶ
609 3900 841 3956 ἐπειπών
877 3899 948 3959 οἷς
983 3905 1266 3959 δουλεύσει
1314 3901 1348 3973 ἦ
1387 3900 1570 3959 Ἑλλάς
1605 3905 1812 3960 ἐξέλιπε
1859 3901 1960 3956 τόν
1994 3904 2137 3968 βίον,
2185 3905 2282 3959 ubi
2330 3923 2501 3958 unum
2546 3905 2771 3959 heroem

173 3986 364 4059 habes;
417 3992 586 4046 ceteri
635 3993 812 4046 additi
859 3996 986 4047 sunt
1034 4011 1103 4045 ex
1137 3994 1552 4047 Panathenaico
1591 3993 1702 4062 (80)
1755 3995 2008 4044 συνέπεσε
2057 3993 2185 4062 περὶ
2231 3988 2331 4057 τὴν
2378 3994 2631 4046 Πέλοπος
2674 3993 2771 4052 μὲν

175 4070 383 4145 ἁπάσης
415 4080 835 4150 Πελοποννήσου
875 4078 1199 4147 κατάληψιν,
1248 4079 1483 4132 Δαναοῦ
1521 4080 1584 4129 δὲ
1620 4081 1718 4147 τῆς
1753 4071 1961 4133 πόλεως
1996 4080 2095 4147 τῆς
2127 4076 2395 4150 Ἀργείων,
2432 4079 2677 4140 Κάδμου
2708 4081 2771 4130 δὲ

177 4163 365 4229 Θηβῶν
389 4168 478 4236 (cf.
513 4168 566 4221 X
597 4171 715 4236 68):
752 4186 856 4223 nec
891 4185 1023 4223 vero
1059 4169 1196 4223 haec
1234 4172 1317 4222 681
1357 4185 1524 4221 06086
1560 4183 1659 4221 cur
1700 4166 1847 4236 apud
1871 4166 2231 4221 Plutarchum
2266 4166 2526 4221 fabellam
2561 4167 2770 4221 mentio

173 4248 559 4309 Panathenaici
585 4256 840 4325 excipiat.
861 4287 928 4297 -
949 4256 1118 4311 Fame
1146 4260 1425 4310 oratorem
1451 4257 1733 4308 mortuum
1755 4271 1873 4307 6886
1904 4254 2145 4308 libenter
2172 4254 2354 4322 cred0‚
2382 4254 2478 4307 sed
2516 4254 2767 4308 involun-

175 4338 338 4392 taria:
375 4359 570 4411 nempe
606 4344 830 4397 morbus
867 4344 1030 4397 edere
1068 4361 1194 4397 eum
1242 4343 1554 4412 prohibuit;
1607 4359 1924 4411 quanquam
1969 4341 2162 4410 utique
2210 4341 2516 4394 cavendum
2563 4360 2633 4395 ne
2668 4360 2768 4395 nos

177 4422 319 4478 fraus
366 4427 574 4499 ingenii
618 4430 944 4500 Hermippei
992 4430 1237 4499 decipiat
1282 4429 1614 4483 insatiabilis
1670 4428 1917 4499 fingendi
1972 4428 2143 4483 miras
2195 4427 2441 4481 virorum
2495 4430 2770 4483 clarorum

178 4516 393 4583 11101168,
427 4534 557 4570 nam
593 4535 733 4587 quae
769 4521 1074 4587 sequuntur
1108 4518 1446 4588 Hermippea
1483 4521 1610 4571 sunt
1648 4518 1790 4587 (arg.
1825 4518 1994 4569 Isocr.
2030 4516 2119 4587 V).
