3237 5131
2871 317 2905 374 3
2922 323 2925 327 ,

304 447 541 514 Siculis
588 449 717 514 suis
764 449 1050 515 artificiis
1096 449 1382 514 Atticum
1427 448 1639 513 forum
1684 451 1967 515 tenuere.
2034 447 2193 513 Cum
2237 448 2435 532 igitur
2479 452 2663 532 quasi
2708 451 2908 516 inter-

299 542 564 601 mortua
622 558 776 604 vera
850 538 1187 619 tragoedia
1265 558 1346 601 ex
1404 539 1695 600 veterum
1776 534 1985 601 literis
2060 535 2279 618 aliqua
2352 543 2569 602 essent
2628 544 2905 620 servata,

300 625 577 688 servatis
623 646 789 690 nova
831 625 1036 689 multa
1083 625 1327 705 addita,
1390 628 1610 688 tamen
1672 643 1838 705 quae
1900 624 2107 705 quinti
2168 623 2407 688 saeculi
2468 630 2908 707 spectatorum

298 712 744 794 unusquisque
790 717 1129 795 poetarum
1174 712 1436 776 inventa
1481 710 1751 774 audiens
1798 710 2107 792 discebat,
2142 731 2220 774 ea
2251 711 2645 793 insequentis
2670 714 2907 778 aetatis

300 799 596 864 homines
628 799 882 865 liberali
915 799 1212 864 doctrina
1259 797 1677 863 eruditissimi
1724 797 2091 878 aequalium
2135 799 2723 879 argumentationes
2756 822 2906 866 con-

302 885 760 968 templationes
787 887 1290 952 declamationes
1314 885 1683 950 lectitantes
1702 903 1895 966 aegre
1912 885 2036 950 sibi
2058 905 2293 968 parare
2316 891 2650 968 poterant:
2682 887 2905 970 volgus

301 993 450 1037 cum
473 973 634 1038 talia
656 995 784 1038 non
817 979 1248 1055 concoqueret
1278 973 1344 1036 in
1368 972 1508 1036 foro
1550 976 1747 1053 atque
1769 971 2023 1036 iudiciis
2046 971 2381 1036 exultabat
2403 973 2905 1057 dedis-cebatque
2996 986 2998 988 ’

301 1081 468 1140 quae
499 1061 724 1142 proavi
769 1061 1002 1126 fabulis
1035 1061 1271 1125 auditis
1318 1058 1698 1123 inflammati
1746 1058 2097 1137 coluerant,
2142 1059 2395 1142 patriae
2441 1081 2728 1127 amorem
2765 1083 2903 1127 mo*-

298 1164 569 1228 rumque
609 1148 1062 1215 sinceritatem.
1109 1147 1250 1212 Hoc
1294 1147 1424 1210 iam
1469 1151 1606 1210 tum
1654 1146 1990 1227 conquesti
2035 1151 2187 1210 sunt
2230 1147 2435 1228 multi,
2497 1150 2686 1230 pauci
2730 1149 2902 1214 malo

299 1233 610 1299 adhibere
641 1235 1043 1299 medicamen
1072 1234 1318 1299 conati:
1363 1233 1535 1297 inter
1581 1253 1743 1314 quos
1787 1231 1911 1296 fuit
1945 1232 2285 1298 Isocrates.
2330 1231 2686 1300 Isocratem
2732 1237 2902 1301 enim

299 1321 466 1402 dico,
503 1343 648 1386 cum
680 1323 1083 1402 tragoediam
1112 1321 1536 1386 intellexisset
1564 1319 1879 1401 floruisse,
1913 1319 2040 1386 hoc
2070 1319 2363 1402 publicas
2396 1341 2543 1387 suas
2576 1325 2901 1389 orationes

299 1409 764 1474 conscribendo
811 1410 1151 1489 studuisse,
1212 1414 1285 1472 ut
1347 1405 1725 1490 aequalibus
1772 1407 1838 1471 id
1882 1412 2250 1489 praestaret
2295 1410 2470 1490 quod
2513 1415 2747 1492 poetae
2792 1412 2902 1476 isti

299 1497 670 1562 maioribus.
762 1496 1008 1560 Horum
1069 1496 1265 1578 igitur
1325 1494 1615 1559 aemulus
1678 1492 1911 1576 extitit,
1975 1515 2122 1559 cum
2181 1516 2519 1560 numerum
2578 1498 2773 1562 istum
2836 1504 2905 1563 et

297 1581 559 1647 modum
583 1582 938 1663 induceret,
958 1603 1148 1665 quem
1171 1584 1238 1646 in
1261 1582 1474 1646 soluta
1505 1581 1799 1646 oratione
1825 1581 2113 1663 quamvis
2129 1601 2352 1647 versus
2378 1584 2662 1648 evitandi
2686 1590 2902 1650 essent

297 1671 543 1734 servari
589 1676 891 1753 oportere
939 1671 1159 1735 docuit
1207 1669 1365 1754 (Cic.
1413 1669 1592 1732 Brut.
1642 1669 1701 1748 8,
1752 1670 1900 1751 32);
1957 1689 2169 1751 neque
2228 1669 2633 1735 reticendum
2703 1693 2897 1760 quam
2960 1717 2963 1721 -

293 1758 484 1821 anxie
533 1762 599 1822 et
641 1758 941 1840 religiose
972 1759 1039 1821 in
1074 1756 1384 1840 eligendis
1428 1755 1643 1820 verbis
1675 1775 1743 1820 se
1774 1756 2078 1839 gesserit3
2126 1762 2439 1839 quantum
2472 1759 2642 1822 enim
2672 1779 2895 1824 recen-

293 1844 494 1908 tiores
540 1845 772 1927 tragici
819 1845 900 1909 ab
946 1844 1118 1908 illius
1163 1843 1472 1926 temporis
1521 1863 1815 1908 sermone
1858 1843 2109 1909 urbano
2155 1845 2525 1926 granditate
2555 1845 2898 1912 verborum

293 1936 362 1995 et
405 1931 747 1996 maiestate
793 1931 1250 2010 abhorrebant,
1296 1935 1550 1994 tantum
1593 1929 1915 1995 Isocrates
1962 1931 2263 1995 castitate
2308 1931 2565 1997 dicendi
2611 1939 2677 1998 et
2719 1935 2897 2016 puri-

289 2023 430 2086 tate
523 2024 788 2101 praeter
863 2017 1168 2101 aequales
1237 2018 1445 2082 minus
1536 2017 2010 2082 delectissimae
2073 2018 2380 2100 cuiusque
2439 2020 2613 2085 vocis
2674 2021 2895 2086 avidos

289 2103 587 2170 florebat.
676 2106 872 2170 Hisce
899 2105 1273 2205 singularia
1319 2103 1593 2169 artificia
1641 2125 1721 2168 ex
1765 2105 2159 2186 tragicorum
2206 2103 2464 2170 officina
2511 2107 2897 2191 deprompta

290 2192 471 2256 haud
500 2214 710 2275 pauca
739 2194 948 2276 possis
980 2193 1258 2272 adicere,
1284 2213 1362 2256 ex
1388 2192 1617 2274 quibus
1642 2196 1873 2274 postea
1899 2191 2209 2256 nonnulla
2239 2197 2429 2256 erunt
2456 2196 2801 2260 tractanda
2826 2197 2893 2278 ¹).

293 2278 512 2356 Quid?
558 2281 736 2362 quod
779 2281 944 2352 adeo
992 2301 1109 2345 sua
1152 2279 1399 2356 fimavit
1441 2285 1515 2344 ut
1555 2298 1689 2342 non
1736 2279 1927 2344 modo
1973 2278 2220 2344 hiatum
2265 2279 2520 2359 vitaret,
2584 2282 2694 2363 qui
2736 2303 2892 2365 poe,-

290 2372 510 2430 tarum
548 2389 701 2434 usus
733 2368 862 2431 iam
893 2373 1086 2432 antea
1117 2388 1157 2431 a
1173 2353 1498 2431 technicis
1530 2365 1965 2448 quibusdam
1945 2388 2013 2430 in
2044 2367 2370 2432 orationes
2402 2372 2543 2432 erat
2569 2374 2889 2451 receptus,

291 2454 411 2518 sed
455 2460 592 2518 tam
639 2460 826 2519 caute
871 2455 1070 2520 verba
1115 2458 1548 2537 componeret,
1611 2458 1687 2517 ut
1743 2473 1826 2519 ne
1887 2453 2185 2520 elisiones
2228 2475 2575 2536 crasesque
2606 2476 2890 2538 pronun-

286 2540 461 2605 tiatu
528 2540 922 2607 difficiliores
985 2541 1247 2626 quidem
1305 2547 1643 2625 pateretur
1704 2545 1770 2606 et
1832 2541 2207 2625 saepissime
2268 2563 2309 2607 a
2354 2541 2631 2626 simplici
2690 2548 2888 2626 atque

286 2626 664 2694 inaffectato
708 2630 1054 2694 verborum
1099 2630 1348 2694 ordine«
1369 2628 1536 2693 hanc
1580 2633 1849 2711 propter
1894 2650 2157 2694 causam
2198 2630 2551 2694 recederet.
2610 2630 2699 2696 Et
2742 2652 2887 2696 cum

285 2716 410 2780 tali
455 2722 595 2781 arte
656 2719 820 2782 adeo
883 2717 1280 2782 audientium
1341 2716 1588 2780 animos
1651 2716 2027 2797 delectaret,
2087 2720 2161 2780 ut
2221 2716 2664 2783 conclusiones
2719 2719 2887 2784 istae

285 2803 376 2867 ad
421 2825 756 2868 numerum
801 2804 1034 2883 factae,
1106 2804 1356 2885 singula
1407 2802 1887 2868 enuntiatorum
1930 2804 2223 2869 membra
2265 2804 2438 2869 inter
2496 2826 2566 2870 se
2619 2826 2888 2888 respon-

285 2890 512 2955 dentia
579 2891 1112 2973 aequabilemque
1181 2892 1266 2956 ad
1332 2890 1647 2956 ambitum
1714 2891 2076 2973 composita
2094 2942 2109 2971 ,
2178 2891 2539 2957 sententiae
2602 2893 2885 2958 naturali

282 2978 570 3059 quadam
636 2979 977 3044 verborum
1047 2967 1640 3062 circumscriptione
1708 2978 2098 3043 constrictae
2160 2979 2365 3060 magis
2432 2977 2517 3043 ad
2583 3000 2883 3045 versuum

282 3065 485 3129 decus
531 3086 608 3129 ac
655 3066 1038 3131 suavitatem
1083 3085 1276 3147 quam
1323 3067 1406 3131 ad
1450 3065 1773 3148 pedestris
1820 3066 2129 3131 orationis
2174 3071 2469 3130 tenorem
2499 3052 2881 3148 aequalibus

281 3152 597 3216 accedere
655 3153 1027 3217 viderentur
1089 3152 1319 3237 (Alcid.
1369 3175 1420 3218 0.
1469 3151 1648 3236 soph.
1702 3152 1831 3235 14),
1879 3153 2055 3236 ipsas
2112 3172 2219 3217 res
2274 3152 2369 3217 ita
2413 3153 2759 3234 tractabat,
2807 3161 2882 3220 ut

277 3238 636 3319 legentium
681 3240 928 3305 animos
962 3245 1027 3304 et
1056 3239 1420 3305 mitioribus
1453 3244 1519 3304 et
1548 3240 1947 3322 gravioribus
1978 3239 2261 3308 motibus
2300 3239 2503 3305 elatos
2533 3241 2617 3305 ad
2651 3242 2881 3324 optimi

280 3325 594 3408 cuiusque
663 3328 946 3391 studium
989 3333 1352 3408 revocaret3
1400 3348 1524 3409 quo
1586 3346 1851 3392 munere
1913 3333 2253 3411 poetarum
2310 3326 2625 3410 peculiari
2684 3349 2879 3410 quam

273 3413 448 3477 bene
491 3413 748 3478 functus
794 3415 879 3479 sit
922 3414 1265 3499 Dionysius
1303 3414 1893 3479 Halicarnassensis
1942 3414 2051 3499 (de
2095 3414 2293 3479 Isocr.
2340 3415 2469 3480 iud.
2518 3436 2571 3479 c.
2622 3420 2657 3479 5
2708 3418 2875 3499 sqq.)

273 3502 582 3581 exposuit
628 3506 694 3565 et
737 3502 876 3584 ipse
923 3502 1177 3583 quoque
1225 3508 1445 3567 orator
1488 3500 1634 3584 plus
1679 3521 1807 3566 uno
1852 3502 1997 3579 1000
2030 3502 2110 3566 (10
2134 3502 2504 3584 granditate
2534 3522 2875 3568 causarum

269 3586 364 3652 ab
431 3587 570 3669 ipso
639 3592 1068 3653 tractatarum
1135 3589 1463 3671 gloriatur.
1543 3589 1862 3654 Isocrates
1910 3610 2062 3671 ergo
2107 3594 2183 3653 ut
2224 3589 2399 3653 idem
2443 3589 2747 3671 aequales
2796 3612 2877 3656 ex

266 3673 480 3756 ipsius
526 3675 924 3740 orationibus
969 3680 1234 3757 possent
1277 3675 1530 3740 haurire
1579 3676 1753 3758 quod
1798 3681 2017 3759 patres
2066 3697 2145 3741 ex
2186 3675 2421 3741 fabulis
2465 3677 2875 3759 tragicorum,

265 3779 397 3845 pro
442 3782 742 3826 versuum
793 3762 1039 3826 deliciis
1087 3764 1399 3827 sermonis
1445 3764 1828 3828 suavitatem
1890 3768 1957 3827 et
2020 3762 2399 3829 elocutionis
2461 3769 2687 3845 artem,
2754 3788 2873 3849 pro

267 3849 672 3929 argumentis
717 3849 1024 3931 religione
1057 3850 1302 3913 animos
1344 3851 1890 3916 commoventibus
1924 3851 2245 3915 dictorum
2276 3852 2873 3935 sententiarumque

267 3934 665 4017 elegantiam
698 3941 763 3999 et
792 3957 1006 4001 rerum
1029 3935 1431 4019 publicarum
1454 3937 1913 4003 tractationem
1944 3937 2602 4023 deliberationemque
2636 3940 2875 4022 dignis-

265 4023 505 4087 simam
550 4022 856 4120 reposuit.
915 4026 921 4033 ’

453 4108 640 4172 Fuit
683 4109 880 4192 igitur
909 4110 1228 4175 Isocrates
1272 4111 1665 4193 tragicorum
1709 4112 2037 4177 aemulus:
2083 4112 2347 4179 videsne
2390 4135 2562 4179 nunc
2594 4135 2707 4179 cur
2736 4120 2873 4182 tam

266 4195 515 4261 acriter
561 4201 781 4262 orator
823 4198 1034 4281 poetis
1080 4198 1348 4263 scenicis
1397 4200 1776 4264 adversatus
1822 4199 1924 4281 sit,
1988 4200 2273 4282 quinon
2318 4202 2525 4265 solum
2568 4202 2637 4267 in
2683 4224 2869 4268 enar-

263 4283 494 4349 randis
538 4283 732 4350 rebus
778 4306 820 4350 a
864 4286 963 4350 dis
1006 4286 1438 4371 heroibusque
1498 4288 1697 4370 gestis
1742 4288 2223 4371 tragoediarum
2268 4288 2516 4355 colores
2560 4310 2869 4373 spernere

488 4476 526 4546 ι)
567 4475 646 4531 Gf.
690 4494 806 4531 exc.
845 4478 915 4532 ad
953 4478 979 4532 I
1018 4480 1083 4531 14
1119 4480 1176 4530 et
1211 4494 1294 4547 ep.
1333 4482 1382 4549 4,
1426 4483 1486 4533 11
1528 4479 1944 4535 annotationem
1980 4483 2225 4537 alteram.

2458 4588 2520 4643 1*
