3237 5131
204 454 468 542 exhibet,
516 462 579 524 in
624 482 753 542 qua
799 466 898 525 est
943 461 1144 525 sectio
1190 456 1662 547 παραινέσεωνε
1710 457 2152 544 παραινέσεων
2211 466 2370 526 aute:

198 550 621 630 Hermogenes
667 554 733 612 et
776 549 915 631 ipse
961 547 1227 613 alterius
1256 570 1318 630 p.
1354 547 1500 612 Chr.
1532 571 1593 612 n.
1627 547 1866 612 saeculi
1912 553 2138 612 auctor
2168 547 2366 611 menti

194 636 334 718 quid
352 637 383 698 Ῥ
430 636 752 700 orationes
781 636 1143 700 Isocrateas
1186 635 1301 699 illa
1330 640 1546 699 aetate
1577 656 1790 699 nonne
1821 635 2048 699 eodem
2093 656 2363 718 corpore

192 729 251 786 et
287 722 414 788 iam
462 745 542 786 ex
586 723 815 788 eodem
861 721 1085 787 ordine
1129 721 1510 804 legebantur
1539 727 1738 803 atque
1782 721 1849 785 in
1893 722 2162 786 nostro?
2206 727 2370 786 nost]

189 832 306 873 non
348 808 524 874 idem
570 815 668 875 est
714 815 908 891 atque
954 808 1171 874 illius?
1261 808 1328 874 Si
1391 809 1549 891 quid
1611 807 2058 874 deficientibus
2116 807 2273 891 ipsis
2333 814 2370 875 t‹

185 897 497 978 ploratum
541 897 607 961 in
652 895 719 961 id
764 918 967 981 genus
1010 895 1204 962 rebus
1245 896 1864 979 comprobatumque
1906 901 2126 979 potest
2171 917 2332 976 esse,

188 1006 348 1047 mum
396 987 516 1048 est.

378 1071 471 1135 Et
513 1071 816 1153 quoniam
862 1071 945 1136 ad
990 1070 1413 1152 Hermogenis
1455 1075 1741 1137 aetatem
1785 1070 2211 1152 pervenimus,
2244 1068 2370 1133 vid‹

187 1180 324 1220 num
370 1157 568 1222 etiam
602 1157 793 1223 altius
824 1158 1095 1240 vestigia
1125 1158 1412 1240 corporis
1445 1156 1613 1222 illius
1637 1157 2106 1223 Isocratearum
2139 1178 2370 1240 quamv

185 1244 599 1309 diuturnitate
647 1245 887 1309 detrita
932 1243 1208 1310 scrutari
1251 1244 1588 1326 possimus
1676 1243 1882 1320 Quam
1928 1266 2055 1308 non
2100 1265 2330 1308 vanam

184 1332 317 1395 inde
373 1332 949 1397 verisimilitudinis
1009 1331 1289 1414 speciem
1334 1331 1561 1412 induit,
1626 1331 1798 1411 quod
1844 1332 1985 1414 ipsa
2032 1349 2111 1395 ex
2154 1352 2225 1394 re
2272 1353 2370 1396 mo

186 1423 375 1484 strata
436 1440 605 1484 nova
664 1418 1158 1502 argumentandi
1210 1419 1314 1482 via
1373 1417 1682 1502 aperitur.
1772 1418 2078 1485 Novimus
2139 1417 2309 1482 enim
2352 1417 2370 1481 ]

187 1506 572 1588 temporibus
619 1506 939 1570 delectum
985 1505 1348 1571 orationum
1386 1505 1694 1572 Isocratis
1732 1505 1956 1587 viginti
2003 1511 2069 1569 et
2112 1526 2306 1569 unam
2339 1527 2370 1569 c

187 1592 383 1657 fuisse.
470 1591 709 1670 Quid?
733 1595 787 1658 si
835 1592 1063 1665 eodem
1107 1598 1397 1677 tempore
1446 1591 1644 1657 etiam
1691 1591 2052 1676 complures
2097 1591 2370 1656 lectitatz

186 1701 375 1744 nonne
430 1681 762 1745 mirareris
806 1679 1052 1744 nullum
1096 1679 1232 1747 fere
1291 1679 1523 1744 harum
1566 1679 2015 1761 fragmentum·
2046 1684 2370 1762 superstes

183 1770 243 1830 tu
285 1766 494 1832 credis
539 1766 782 1850 fingere
823 1768 1017 1832 licere
1060 1765 1387 1832 hominem
1439 1773 1593 1831 tunc
1640 1771 1826 1830 tanta
1864 1765 2216 1849 pollentem
2248 1788 2368 1831 auc

185 1855 303 1918 eius
348 1853 642 1919 delectus
688 1853 878 1919 modo
925 1854 1290 1918 divenditus
1331 1854 1496 1918 adeo
1544 1853 1627 1918 ab
1674 1852 2044 1919 hominibus
2090 1859 2370 1936 arreptus

182 1942 263 2005 ita
310 1941 710 2025 imposuerit,
766 1945 838 2006 ut
897 1963 1056 2023 quas
1118 1940 1225 2004 ille
1285 1963 1453 2006 nova
1514 1940 1797 2004 editione
1863 1941 2217 2005 secluserat
2276 1964 2370 2006 orz

184 2027 313 2092 ilico
360 2034 425 2093 et
470 2030 599 2113 ipsi
644 2029 949 2110 aequales
996 2027 1375 2093 abicerent?
1422 2027 1639 2105 Quid?
1704 2028 1880 2109 quod
1925 2028 2370 2109 grammaticos

184 2115 444 2197 graphos
493 2116 870 2199 ceteroquin
918 2116 1279 2180 inconsulte
1327 2137 1403 2179 ac
1468 2119 1717 2178 temere
1763 2135 2150 2196 proavorum
2208 2115 2370 2197 copie

184 2205 267 2265 tes
307 2207 491 2268 tanta
537 2204 817 2267 recentis
862 2203 1151 2267 delectus
1190 2201 1617 2267 admiratione
1663 2202 2009 2266 obstrictos
2040 2201 2236 2266 fuisse
2269 2224 2370 2266 sur

184 2289 428 2354 simulac
467 2291 685 2355 locum
729 2289 1292 2372 deprehenderant
1340 2289 1765 2367 Isocrateum,
1816 2288 2074 2353 insolita
2137 2289 2370 2370 quada1

188 2380 361 2457 atque
386 2372 750 2442 attentione
782 2380 1091 2458 tanquam
1130 2373 1332 2441 afflati
1371 2381 1590 2440 utrum
1620 2375 1799 2440 locus
1831 2375 1898 2439 in
1935 2397 2103 2440 nova
2133 2376 2370 2440 edition

196 2483 374 2528 necne
422 2464 931 2542 considerarent,
979 2463 1281 2547 idemque
1330 2463 1621 2546 perfecta
1667 2463 2181 2530 consideratione
2227 2463 2370 2528 vert

194 2557 398 2629 genter
441 2557 518 2617 ut
566 2552 803 2635 pudica
848 2551 1097 2617 scriniis
1144 2550 1592 2629 reconderent,
1655 2555 1770 2615 aut
1827 2556 2236 2617 monstruosa
2276 2551 2370 2617 ‘ist

191 2639 672 2721 extinguerent?
758 2640 971 2721 Negas
1033 2639 1288 2720 aequali
1334 2639 1505 2703 inter
1547 2638 1851 2720 aequales
1896 2639 2057 2703 talia
2104 2640 2370 2721 conting·

195 2725 343 2788 enim
403 2728 785 2810 priusquam
846 2732 959 2791 aut
1019 2725 1415 2809 experientia
1467 2724 1759 2789 homines
1822 2725 1901 2789 de
1963 2726 2248 2791 delectus
2317 2749 2370 2791 c(

194 2810 539 2879 edocuisset
586 2819 697 2877 aut
745 2813 1192 2896 compositoris
1238 2812 1592 2877 auctoritas
1639 2811 2032 2893 increvisset,
2092 2814 2306 2894 potuit
2358 2823 2370 2876 1

190 2895 325 2962 solis
381 2901 676 2982 retentis,
738 2923 903 2983 quae
966 2900 1245 2964 editione
1304 2921 1471 2965 nova
1528 2898 2042 2980 continebantur,
2104 2900 2368 2982 triginta

186 2988 350 3064 quasi
382 2988 461 3052 de
519 2988 734 3052 medio
781 2986 1178 3067 tollerentur.
1224 2985 1502 3052 Necesse
1549 2986 1746 3067 igitur
1790 2991 1890 3051 est
1934 2985 2062 3050 iam
2104 2992 2255 3051 ante
2300 2987 2370 3050 H.

186 3069 362 3153 idque
406 3075 586 3139 haud
633 3076 851 3157 paullo
899 3081 1094 3138 antea
1132 3074 1354 3157 viginti
1400 3075 1726 3138 orationes
1757 3078 1823 3136 et
1858 3096 2049 3137 unam
2099 3076 2370 3156 separati

183 3160 313 3239 quis
373 3162 588 3226 editas
650 3185 808 3226 esse.
901 3161 1079 3238 Quae
1128 3160 1327 3225 editio
1390 3159 1492 3224 cui
1540 3160 1858 3225 debetur?
1930 3159 2216 3242 Ecquem
2264 3183 2370 3243 cog

180 3252 317 3311 ante
364 3254 651 3313 aetatem
698 3250 1136 3314 Hadrianeam
1194 3253 1571 3330 tantamque
1634 3247 1833 3311 talem
1888 3268 2150 3329 operam
2210 3249 2277 3312 in
2324 3249 2370 3313 Ιε

181 3331 372 3403 suerit,
396 3340 665 3417 praeter
709 3336 1163 3418 grammaticos
1212 3333 1466 3400 Christo
1511 3340 1667 3399 nato
1713 3335 2110 3400 veteriores?
2157 3334 2284 3400 Sed
2331 3359 2370 3400 a

182 3422 644 3501 aggrediamur.
1749 3444 1751 3446 ·

371 3507 446 3573 In
494 3509 757 3574 traditis
819 3515 1149 3574 oratorum
1204 3508 1577 3591 corporibus
1639 3506 1787 3572 eum
1848 3509 2138 3574 ordinem
2198 3530 2370 3593 pers}

177 3594 481 3660 maiorum
529 3599 639 3677 qui
686 3597 986 3661 dicuntur
1032 3602 1361 3660 oratorum
1407 3596 1651 3678 scripta
1696 3595 2048 3660 secundum
2077 3619 2182 3661 res
2214 3602 2370 3662 traci

177 3676 391 3763 Lysiae
439 3682 612 3761 Isaei
655 3684 1067 3767 Antiphontis
1093 3684 1142 3766 ¹)
1174 3682 1677 3767 Demosthenis),
1722 3684 2041 3748 minorum
2086 3685 2370 3749 secundu

386 3893 421 3960 ¹)
462 3892 555 3946 Ex
591 3892 1091 3960 Antiphontearum
1128 3908 1358 3961 corpore
1396 3893 1498 3946 soli
1536 3892 1766 3961 φονικοί,
1816 3910 1887 3946 ex
1921 3893 2063 3947 Isaei
2100 3893 2340 3963 κληρικοὶ

177 3977 409 4044 quisunt
445 3980 506 4033 in
528 3982 723 4047 quibus
760 3979 989 4049 quisque
1025 3980 1349 4036 excellebat.
1387 4011 1453 4021 ——
1489 3980 1595 4035 Hie
1636 3984 1840 4034 annoto
1876 3980 1936 4033 in
1972 3981 2153 4050 prima
2187 3981 2370 4050 hepta(

177 4065 287 4119 tare
317 4068 773 4136 subscriptioneS,
800 4067 949 4137 quod
979 4067 1129 4121 casui
1153 4068 1355 4137 tribuo,
1412 4068 1541 4137 quia
1564 4068 1761 4123 literae
1806 4085 1947 4138 quae
1970 4086 2004 4126 a
2028 4069 2370 4138 subscriptio]

178 4159 466 4221 nequeunt·
488 4159 660 4209 etiam
694 4155 753 4209 in
788 4154 990 4209 ceteris
1026 4155 1369 4210 orationibus
1407 4155 1684 4226 quondam
1720 4155 1893 4209 lectas
1928 4156 2094 4210 fuisse
2129 4173 2350 4209 necesse

177 4238 514 4310 Panegyrico
541 4242 632 4312 (ed
645 4243 883 4312 Blass.p.
905 4244 991 4311 42,
1021 4246 1204 4307 12.32;
1231 4245 1416 4312 43,15;
1442 4245 1527 4312 44,
1542 4246 1590 4297 6.
1616 4247 1714 4311 203
1735 4245 1820 4312 45,
1839 4246 1928 4309 163
1947 4247 2015 4298 46
2036 4248 2128 4298 32:
2153 4244 2370 4311 Martin,

182 4324 474 4382 d'Isocrate
528 4349 581 4398 p.
623 4331 845 4398 13—15)
885 4347 982 4384 eae
1017 4330 1271 4399 quamvis
1308 4330 1443 4384 locis
1490 4334 1677 4384 motae
1736 4333 2126 4400 agnoscuntur.
2177 4331 2370 4401 Reputa

184 4413 504 4483 scriptiones
525 4419 581 4473 et
611 4417 914 4471 stichorum
939 4416 1405 4473 dinumerationes
1442 4417 1500 4471 in
1535 4417 1716 4486 prima
1747 4422 1804 4472 et
1841 4419 2017 4472 altera
2041 4418 2286 4488 corporis
2310 4420 2370 4473 1s‹

182 4497 306 4570 legi,
327 4502 427 4557 has
454 4507 640 4557 autem
652 4503 712 4557 in
734 4504 991 4558 suasoriis
1011 4505 1125 4559 fere
1150 4506 1262 4559 iam
1287 4524 1475 4561 omnes
1496 4506 1780 4561 evanuisse
1799 4505 1858 4559 in
1878 4506 2370 4562 demonstrativam
