3237 5131
386 309 471 372 84

601 443 781 510 XVII
829 449 932 526 11,
976 445 1088 510 ubi

1561 529 1786 600 εἰληφώς

605 619 961 705 archetypi:
1449 623 1723 704 γυναῖκα
1766 620 1859 706 τῷ
1903 614 2103 684 αὑτοῦ
2146 614 2275 684 υἱεῖ
2319 620 2562 684 factum
2610 626 2708 685 est
2752 621 2819 684 in

707 707 711 711 ’
821 707 965 770 PE:
1025 701 1406 811 εἰληφώς
1449 710 1724 792 γυναῖκα
1767 708 1860 792 τῷ
1905 699 2103 770 αὑτοῦ
2147 701 2275 770 υἱεῖ

902 813 972 871 g:
1180 791 1554 880 ειληφώς
1770 794 1863 878 τῷ
1908 787 2105 858 αὑτοῦ
2149 787 2278 856 υἱεῖ

842 879 979 943 Di.:
1444 882 1718 965 γυναῖκα
1763 880 1857 965 τῷ
1902 873 2099 944 αὑτοῦ
2143 873 2270 942 υἱεῖ
2313 875 2685 967 εἰληφώς
2725 875 2855 943 nze.

387 962 688 1053 εἰληφώς,
738 966 911 1049 quod
957 970 1107 1030 ante
1152 968 1424 1050 γυναῖκα
1470 967 1878 1031 desideratur
1921 967 1986 1030 in
2038 972 2110 1044 Γ,
2163 971 2312 1047 post
2356 962 2485 1030 υἱεῖ
2529 967 2701 1049 apud
2738 967 2839 1029 Di.
2879 987 2996 1029 re-

389 1061 646 1134 ceptum
694 1058 822 1132 est3
866 1052 1165 1134 vulgatae
1212 1059 1429 1117 autem
1476 1054 1699 1118 scriba
1733 1054 1950 1117 nescio
1998 1053 2160 1134 quis,
2209 1073 2352 1116 cum
2382 1053 2790 1136 participium
2823 1052 2999 1116 illud

386 1140 600 1203 versui
645 1139 1149 1221 superscriptum
1197 1141 1662 1205 correctionem
1724 1161 1864 1204 esse
1919 1139 2092 1202 vocis
2141 1160 2200 1220 q.
2252 1161 2305 1202 e.
2350 1142 2622 1224 γυναῖκα
2669 1140 2995 1218 crederet,

388 1226 457 1289 id
517 1225 691 1309 quod
750 1226 919 1290 inter
976 1226 1181 1289 lineas
1244 1227 1508 1291 extabat
1568 1227 1726 1308 ipsis
1786 1225 2075 1290 versibus
2134 1225 2228 1288 ita
2271 1227 2560 1308 inseruit,
2621 1232 2693 1290 ut
2736 1225 2998 1289 deleret

391 1333 557 1393 quae
617 1311 785 1399 infra
828 1311 973 1376 illas
1035 1318 1301 1377 exarata
1362 1319 1565 1377 erant.
1630 1351 1714 1360 —
1773 1313 2101 1378 Lacunam
2168 1312 2362 1377 etiam
2429 1319 2654 1396 patere
2713 1332 2995 1393 eamque

388 1404 621 1482 postea
664 1399 981 1482 repletam

598 1502 749 1567 VIII
797 1507 875 1568 52
924 1507 1227 1586 apparet:

729 1590 867 1653 Di.:
920 1592 1063 1665 τοῖς
1525 1592 1972 1677 ψηφισθεῖσιν

727 1678 789 1737 Γ
784 1677 843 1739 Ε
853 1698 867 1739 :
913 1678 1054 1752 τοῖς
1099 1671 1419 1740 ἐνθάδε
1533 1680 1976 1765 ψηφισθεῖσιν

723 1787 735 1795 “
796 1781 867 1840 ςε
915 1764 1057 1838 τοῖς
1100 1757 1477 1826 ἐνταῦθα
1525 1766 1998 1851 ψηφισθεῖσινς

396 1848 551 1928 quid
611 1846 710 1912 rei
772 1848 874 1927 sit,
941 1848 1344 1931 potissimum
1398 1849 1615 1914 variae
1665 1852 1784 1914 ΓΕ
1839 1855 1904 1914 01
1949 1871 1987 1928 ς
2034 1850 2269 1915 docent
2327 1850 2638 1915 lectiones
2665 1849 2746 1936 ¹);
2813 1848 3001 1912 simi-

394 1934 673 2017 literque
725 1934 1175 2018 explicandum
1223 1942 1321 2000 est
1374 1937 1549 2019 quod
1594 1936 1685 2001 IX
1732 1941 1813 2000 45
1859 1937 2099 2020 legitur
2142 1937 2315 2020 apud

612 2038 823 2104 Stob.:
870 2036 1041 2104 πολὺ
1088 2037 1159 2104 δὲ
2211 2033 2653 2128 ὑπερβάλλειν,
2700 2060 2845 2103 011111
2878 2060 3000 2102 ex-

2302 2132 2400 2191 tet
2444 2128 2511 2190 in

742 2218 828 2275 F:
872 2210 1045 2277 πολὺ
1090 2209 1347 2299 δὲτὴν
1390 2214 1549 2277 τῶν
1593 2205 1866 2278 ἄλλων
1911 2210 2167 2300 φύσιν
2210 2205 2634 2301 ὑπερβάλλειν
2677 2213 2744 2276 111

676 2347 681 2351 -
751 2318 821 2377 ςε
866 2297 1039 2364 πολὺ
1082 2296 1341 2389 δὲτὴν
1384 2297 1629 2387 φύσιν
1673 2301 1830 2363 τῶν
1874 2295 2154 2364 ἄλλων
2197 2293 2640 2386 ὑπερβάλλειν.

605 2403 871 2466 Proser-o
902 2425 1072 2467 nun-c
1109 2403 1473 2485 exemplum
1503 2404 1711 2485 primo
1746 2404 2096 2485 consimile,
2128 2404 2306 2486 quod
2331 2405 2632 2468 lacunam
2663 2405 2729 2468 in
2769 2403 3005 2467 arche-

391 2495 543 2573 typo
593 2489 874 2553 omnium
919 2489 1115 2552 fuisse
1161 2511 1290 2553 non
1338 2511 1417 2554 ex
1459 2512 1615 2554 voce
1663 2491 1899 2554 omissa
1945 2491 2027 2555 ab
2059 2513 2185 2555 uno
2232 2497 2419 2571 teste,
2467 2513 2507 2556 a
2552 2491 2784 2555 ceteris
2820 2491 3002 2554 varie

395 2576 693 2659 suppleta
736 2576 992 2658 probat,
1040 2576 1155 2640 sed
1199 2577 1439 2659 triplici
1483 2577 1826 2642 verborum
1871 2578 2295 2643 collocatione
2330 2584 2656 2643 vetustum
2688 2578 3001 2643 mendum

393 2662 612 2745 prodit
656 2662 799 2727 1000
846 2663 1143 2727 subesse:

614 2766 704 2830 XI
753 2773 809 2847 3,
856 2768 968 2832 ubi
1010 2767 1394 2833 lectionibus
1427 2762 1639 2833 αὐτῶν
1666 2790 1766 2846 τις
1797 2762 2244 2856 ἀκριβέστερον
2291 2775 2352 2832 Γ
2364 2792 2378 2833 :
2425 2790 2525 2845 τις
2572 2761 2714 2855 ἀκρ.
2750 2760 2888 2833 αὐτ.
2925 2791 3000 2848 g:

1500 2870 1508 2876 ι
1643 2879 1646 2882 Δ
2461 2884 2643 2941 αὐτῶν

395 3000 497 3053 τις
542 2968 683 3040 αὐτ.
730 2969 871 3061 ἇκρ.
920 2975 1096 3041 Stob.
1145 2977 1497 3041 communis
1545 2981 1646 3041 est
1690 2978 2010 3060 scriptura
2052 2977 2360 3061 primaria
2401 3001 2502 3055 τις
2532 2971 3001 3064 ἇήριβέστερον.

395 3062 759 3127 Paullulum
804 3061 994 3126 aliter
1038 3064 1141 3126 res
1188 3085 1257 3127 se
1300 3063 1502 3128 habet
1985 3142 1990 3146 ψ

612 3148 764 3213 VIII
810 3154 868 3227 8,
917 3150 1070 3230 quia
1114 3149 1500 3234 archetypus
1543 3150 1650 3215 1110
1697 3156 1959 3216 sanatus
1992 3156 2092 3215 est
2120 3173 2250 3215 non
2297 3151 2524 3215 eadem
2570 3152 2652 3217 ab
2701 3151 3004 3217 omnibus

395 3257 551 3300 voce
598 3235 825 3299 addita
885 3235 1001 3300 sed
1061 3236 1189 3300 alia
1248 3237 1329 3301 ab
1377 3236 1504 3301 alio
1551 3242 1947 3317 correctore3
2025 3259 2150 3319 quo
2197 3237 2270 3301 fit
2313 3243 2387 3301 ut
2431 3258 2559 3302 11011
2621 3238 2831 3301 minus
2879 3238 3001 3301 du-

397 3322 633 3405 plicem
676 3324 1117 3386 recensionem
1175 3322 1298 3387 hoc
1356 3324 1499 3388 1000
1561 3324 2118 3406 deprehendamus
2194 3346 2386 3405 quam
2443 3345 2568 3405 quo
2615 3346 2760 3388 eam
2802 3325 3003 3389 modo

398 3408 678 3471 eruimus
721 3408 873 3471 VIII
935 3413 1045 3473 52:
1106 3407 1615 3497 ἐπικρατήσομεν
1663 3416 1724 3473 Γ
1762 3421 1907 3474 ante
1950 3412 2078 3475 τῶν
2121 3408 2389 3496 ἐχθρῶν,
2455 3431 2494 3489 ς
2541 3422 2692 3496 post
2749 3433 2805 3473 τ.
2853 3409 3002 3490 ἕχθ.

400 3494 678 3573 exhibet,
729 3516 871 3558 cum
904 3495 1005 3559 Di.
1034 3496 1305 3604 simplex
1336 3493 1732 3584 κρατήσομεν
1768 3498 1969 3562 addat
1989 3497 2200 3562 verbis
2231 3498 2552 3561 lacunosis
2584 3490 2727 3561 ‘nal
2758 3494 3007 3583 ῥᾳδίως

398 3583 527 3645 τῶν
571 3579 838 3669 ἐχθρῶν.
879 3580 998 3669 χρὴ
1042 3578 1170 3646 κτὲ.
1212 3609 1226 3665 ;
1275 3583 1353 3648 cf.
1397 3605 1460 3666 p.
1509 3588 1591 3646 47
1641 3606 1786 3648 ann.
1838 3590 1894 3647 5.
1939 3622 2028 3632 -—
2075 3584 2269 3665 Sequi
2315 3583 2526 3647 locum
2571 3584 2866 3648 iubemus

616 3667 679 3731 II
727 3672 762 3730 2
811 3689 937 3750 quo
983 3669 1171 3734 facile
1204 3671 1335 3735 ’11111
1380 3670 1613 3735 librum
1662 3672 1943 3736 omnium
1989 3671 2234 3735 fontem
2279 3671 2372 3735 sic
2415 3669 2784 3735 refinxeris:

819 3770 1185 3834 βουλεύεσθαι

400 3852 559 3924 καθ’
608 3853 885 3947 ἑκάστην
904 3856 1018 3947 τὴν
1034 3854 1305 3949 ἡμέρως
1346 3857 1774 3945 βουλεύεσθαι
1801 3862 2304 3944 superscriptum
2351 3842 2533 3926 Stobi
2579 3866 2729 3925 ante
2760 3858 2896 3949 τὴν,
2947 3868 3014 3925 Γ

620 4069 654 4138 “)
692 4068 888 4123 Nonne
925 4064 1179 4119 similiter
1214 4066 1292 4118 IX
1331 4068 1395 4118 10
1431 4067 1523 4117 ΓΔ
1562 4060 1702 4126 ὅμως·
1739 4062 1937 4120 αὐταῖς
1967 4071 2092 4120 ταῖς
2127 4062 2454 4135 εὐρυθμίαις
2489 4070 2546 4121 et
2571 4085 2601 4122 ς
2626 4061 2767 4125 ὅμως
2803 4063 3013 4125 αὐταῖς

403 4176 461 4219 γε
510 4151 816 4225 εὐρυθμίας
860 4154 1115 4207 lacunam
1160 4155 1288 4222 post
1336 4147 1536 4207 αὐταῖς
1581 4154 1848 4223 explent?
1898 4171 2095 4223 nempe
2134 4153 2314 4208 Schol.
2353 4154 2439 4208 ad.
2482 4154 2741 4224 Hermog.
2794 4154 3012 4211 habent

1739 4256 1865 4294 ταις

410 4305 553 4364 ὅμως
604 4315 729 4364 ταῖς
764 4306 1109 4377 εὖρυθμίαις,
1158 4307 1307 4377 quod
1354 4326 1422 4362 ex
1472 4302 1611 4369 ὅμως
1660 4305 1859 4364 αὗταῖς
1905 4305 2232 4379 εὖρυθμίαις
2270 4313 2462 4363 natum
2511 4312 2620 4376 est3
2675 4314 2817 4379 ταῖς,
2858 4314 3013 4381 quod

409 4397 845 4452 additamentum
889 4400 1042 4463 erat,
1081 4394 1263 4449 scriba
1307 4394 1496 4449 mendi
1544 4397 1943 4451 correctionem
1998 4415 2114 4451 esse
2163 4396 2464 4450 arbitratus
2511 4395 2570 4449 in
2616 4397 2802 4449 locum
2853 4401 3017 4455 vocis

409 4504 458 4553 q.
498 4503 543 4539 e.
583 4480 782 4538 αὐταῖς
816 4484 1011 4539 cedere
1045 4482 1220 4537 iussit.
1257 4481 1389 4538 Fuit
1422 4500 1557 4553 ergo
1580 4482 1642 4538 in
1666 4484 1993 4554 archetypo:
2035 4479 2175 4544 ὅμως
2212 4478 2410 4538 αὐταῖς
2443 4488 2539 4547 mm
2567 4478 2923 4552 εὐρυθμίαις.
