3237 5131
1249 523 1373 571 »nes
1427 507 1560 570 tres
1622 498 1707 571 ad
1750 497 2079 571 Nicoclem
2124 500 2320 590 Cypri
2362 523 2582 588 regem
2631 501 2888 588 missae,
2940 496 3033 572 ex'

1249 586 1497 658 :oclem'
1532 593 1905 658 inscribitur
1950 597 2199 657 ceteras
2245 599 2459 658 aetate
2506 599 2803 677 superat3
2848 595 3022 659 hanc

1249 702 1351 744 ma
1418 681 1689 763 accepit,
1756 686 2067 761 tanquam
2132 679 2369 745 festum
2436 681 2608 745 diem
2676 681 3020 747 celebrans

1293 765 1571 851 Cyprum
1615 767 2016 832 adulescenti
2045 766 2291 832 Nicocli
2335 769 2513 832 misit
2558 767 2661 850 (cf.
2707 768 2771 831 Π
2821 774 2875 831 1.
2924 768 3020 854 4),

1253 853 1481 919 onsilio
1531 855 1780 919 ductus,
1829 853 1950 931 Qui
1991 855 2160 918 enim
2196 855 2306 920 illo
2331 860 2623 937 tempore
2645 855 3025 938 regulorum

1249 944 1303 1022 lt,
1350 946 1422 1005 ut
1449 940 1781 1006 hominum
1825 941 2229 1006 literatorum
2270 943 2455 1024 quasi
2485 942 2749 1007 cohorte
2782 964 2849 1006 se
2885 943 3021 1006 cin-

1249 1028 1474 1109 000108,
1509 1034 1819 1111 quantum
1843 1050 1922 1092 ex
1944 1028 2248 1094 Isocratis
2281 1028 2677 1095 subobscura
2704 1029 3023 1111 loquendi

1275 1116 1445 1196 licet,
1504 1116 1846 1181 indulsisse
1891 1117 2147 1182 videtur
2191 1117 2294 1201 (cf.
2338 1117 2429 1180 IX
2478 1121 2557 1180 78
2601 1119 2764 1199 sqq.)
2827 1117 3027 1180 simul

1249 1203 1282 1267 =i
1340 1203 1627 1269 imitatus
1690 1204 1807 1288 (IX
1851 1208 1933 1266 47
1981 1206 2186 1287 8(1(1.);
2248 1203 2653 1286 eloquentiae
2709 1204 3026 1268 studiosis

1271 1291 1677 1373 aperirentur
1706 1291 2023 1356 Isocrates
2055 1291 2221 1356 hanc
2251 1291 2389 1373 regi
2420 1288 2777 1355 orationem
2807 1292 3026 1370 misit3

1249 1384 1344 1443 tus
1410 1383 1524 1442 est.
1616 1378 1745 1443 Sed
1806 1401 1950 1443 cum
1994 1378 2289 1444 Nicocles
2352 1380 2612 1443 domum
2672 1377 3026 1460 splendore

1249 1488 1296 1529 n
1352 1486 1482 1529 non
1539 1465 1677 1528 sine
1736 1467 1984 1548 magnis
2054 1486 2219 1547 quae
2286 1467 2659 1546 parentibus
2726 1466 3025 1547 impone-

1251 1553 1406 1616 dare
1469 1556 1693 1634 posset
1744 1574 1953 1634 neque
2014 1553 2200 1617 bellis
2266 1552 2541 1617 feliciter
2608 1551 3024 1635 glorioseque

1249 1660 1388 1703 rem
1421 1639 1543 1725 sibi
1572 1644 1873 1721 parasset
1904 1638 2276 1721 (Blass'Att.
2305 1640 2450 1705 Ber.
2474 1639 2538 1704 H
2560 1639 2736 1722 247),
2768 1639 3023 1703 factum

1249 1725 1721 1808 infringeretur.
1768 1725 1979 1808 Atque
2025 1733 2098 1791 ut
2143 1748 2524 1791 concussum
2567 1747 2836 1808 regnum
2882 1732 3022 1789 sta-

1249 1835 1358 1876 um
1425 1814 1732 1878 adversus
1799 1814 2011 1896 ipsum
2073 1812 2483 1878 frementium
2550 1813 2827 1893 sedaret,
2899 1834 3024 1876 rex

1249 1922 1463 1966 uarum
1508 1899 1681 1964 tituli
1726 1904 1876 1964 sunt
1923 1894 2261 1966 cNicocles'
2313 1906 2380 1965 et
2418 1893 2793 1983 ‘Euagorae’
2839 1919 3021 1964 com-

1279 1988 1494 2071 priore
1537 1987 1742 2070 ipsius
1772 1987 2052 2052 Nicoclis
2099 1989 2423 2070 egregiam
2468 1988 2743 2052 civitatis
2789 1986 3021 2050 mode-

1249 2097 1282 2139 n
1312 2096 1563 2139 morum
1595 2075 2033 2139 sinceritatem
2080 2075 2668 2156 continentiamque
2712 2073 3020 2139 laudibus

1249 2162 1568 2243 Euagorae
1612 2162 1818 2243 patris
1864 2163 2039 2226 facta
2084 2163 2163 2226 de
2209 2161 2419 2226 insula
2463 2162 2627 2227 bene
2668 2162 2899 2224 merita
2946 2167 3021 2223 et

1256 2249 1488 2313 seriem
1551 2250 1962 2330 exaggeravit
1986 2248 2050 2334 ¹).
2144 2249 2272 2314 Sed
2319 2271 2464 2313 cum
2508 2249 2709 2330 ipsius
2753 2247 3015 2311 virtutis

1249 2335 1316 2399 318
1361 2335 1674 2399 memoria
1718 2335 1891 2417 apud
1934 2336 2273 2400 intestinos
2317 2336 2539 2400 hostes
2583 2357 2713 2399 11011
2758 2339 3017 2398 tantum

1249 2421 1653 2486 zditiosorum
1695 2421 1998 2486 fiduciam
2042 2423 2454 2504 reciperaret,
2501 2422 2765 2486 tandem
2810 2422 3013 2484 inter-

1249 2515 1454 2574 iutem
1500 2509 1825 2574 orationes
1872 2509 2035 2575 adeo
2081 2530 2212 2574 non
2258 2507 2658 2593 Theopompi
2702 2508 3014 2573 acerbum

1249 2596 1399 2661 lunt
1446 2599 1574 2681 (ap.
1623 2596 1856 2662 Athen.
1901 2595 2024 2661 XII
2066 2619 2128 2680 p.
2179 2601 2299 2661 531
2334 2608 2373 2638 ⁰·
2401 2596 2494 2681 ⁴¹·)‚
2532 2601 2605 2661 ut
2630 2594 3014 2660 confirment

1249 2684 1464 2749 :centis
1510 2684 1637 2748 illis
1683 2684 1920 2767 regulis
1965 2684 2182 2765 fuisse,
2252 2684 2363 2766 qui
2406 2690 2559 2748 tunc
2604 2683 2893 2747 luxuriae
2942 2686 3013 2744 et

1258 2771 1560 2837 oneribus
1608 2776 1674 2835 et
1720 2772 2100 2836 crudelitate
2149 2770 2624 2851 excruciabant,
2684 2771 2837 2833 dum
2882 2768 3008 2850 ipsi

1249 2864 1445 2924 entur
1462 2859 1517 2942 2)
1570 2896 1643 2905 -
1695 2858 1829 2922 Has
1876 2864 2008 2922 tres
2042 2859 2365 2923 orationes
2413 2858 2651 2940 excipit
2690 2851 3005 2920 cHelenae

1258 2950 1382 3009 366
1431 2946 1807 3028 composita,
1829 2945 1884 3026 ³)
1919 2966 2084 3027 quae
2130 2950 2315 3009 tanta
2346 2944 2771 3009 admiratione
2813 2944 3009 3025 digna

1249 3137 1300 3205 st,
1347 3136 1524 3190 forma
1554 3153 1670 3190 non
1698 3138 1993 3205 Isocratea,
2042 3135 2356 3190 Aristotelis
2392 3135 2763 3204 fragmentum
2802 3134 2871 3187 ad
2907 3150 3003 3187 no-

1249 3223 1522 3293 epitomen
1555 3223 1840 3277 habemuS.
1927 3260 1941 3274 .

1249 3310 1437 3363 §imum
1458 3309 1595 3364 haec
1614 3328 1703 3364 me
1728 3310 2046 3380 coniecisse,
2082 3315 2415 3365 tamennon
2451 3310 2704 3365 dubitavi
2738 3313 3002 3378 tanquam

1249 3399 1336 3450 11111
1371 3398 1538 3452 001118
1586 3398 1926 3467 argumentis
1973 3399 2247 3452 sententia
2296 3397 2611 3453 confirmari
2665 3396 2874 3465 nequit,
2925 3396 3006 3448 ita

1274 3490 1466 3540 nostra
1503 3485 1823 3540 coniectura
1859 3486 2038 3540 denuo
2074 3485 2351 3540 orationes
2388 3486 2511 3538 illas
2547 3483 2815 3552 perleget,
2856 3487 3005 3537 recte

1251 3592 1308 3627 m
1345 3591 1480 3628 esse.
2887 3602 2896 3608 ·

1294 3660 1667 3716 Anaximenes
1718 3660 1993 3715 consentit
2044 3661 2192 3731 (Ath.
2242 3661 2278 3715 l.
2328 3662 2364 3715 l.
2410 3679 2463 3729 p.
2518 3662 2664 3714 531d-
2693 3660 2772 3728 0·).
2824 3690 2890 3699 —
2939 3661 3005 3710 In

1249 3749 1400 3818 agnis
1440 3748 1557 3803 sine
1594 3748 1763 3803 dubio
1800 3749 2057 3819 princeps
2105 3748 2365 3817 praemiis
2405 3748 2630 3802 donavit
2664 3764 2848 3800 rerum
2884 3762 3002 3799 mu-

1249 3840 1412 3889 mtur:
1458 3836 1693 3889 >illorum
1730 3853 1952 3890 causam
2000 3839 2195 3890 contra
2240 3836 2339 3889 hos
2378 3835 2566 3889 orator
2614 3836 2672 3887 in
2720 3834 3003 3905 prooemio

1249 3941 1360 3977 ›nes
1387 3923 1562 3977 factas
1590 3941 1706 3977 esse
1729 3925 1900 3979 verba
1926 3924 2153 3977 docent:
2188 3922 2466 3992 ἑταιρείας
2490 3919 2563 3989 μή
2590 3926 2841 3974 ποιεῖσθε
2864 3922 3003 3987 μηδὲ

1249 4011 1362 4079 ἱμης·
1394 4013 1497 4079 (ΙΠ
1517 4012 1624 4081 54),
1664 4028 1805 4080 quae
1830 4010 2115 4064 exordium
2144 4010 2259 4063 eius
2282 4009 2391 4063 loci
2416 4014 2545 4063 sunt
2570 4026 2639 4064 ex
2663 4026 2773 4078 quo
2797 4009 3003 4078 optime

1256 4098 1627 4167 intellegitur3
1666 4099 1929 4151 nimirum
1953 4097 2139 4150 omnia
2161 4096 2369 4151 fiebant
2392 4115 2533 4166 quae
2558 4115 2705 4154 nunc
2728 4102 3002 4152 vetantur.

1284 4190 1480 4241 contra
1516 4186 1793 4241 Blassium
1841 4186 2089 4240 evicturo
2138 4184 2276 4238 mihi
2324 4184 2506 4239 adfert
2552 4186 2791 4255 benigne
2842 4185 2999 4238 Suse-

1249 4274 1482 4351 itionem¹
1512 4272 1956 4343 ‘Bemerkungen
2006 4291 2073 4326 zu
2119 4273 2226 4326 den
2256 4272 2688 4343 ‘Anspielungen
2735 4274 2850 4326 und
2897 4273 3001 4328 Be-

1249 4363 1271 4415 1
1299 4363 1444 4417 XIV.
1484 4362 1638 4417 Rede
1676 4362 1773 4417 des
1808 4356 2108 4415 Isocrates*
2134 4363 2239 4428 (16.
2264 4361 2577 4416 Jahresber.
2610 4364 2705 4415 des
2729 4360 3002 4431 Leopold-

1249 4452 1348 4520 30),
1383 4468 1452 4504 ex
1478 4468 1586 4519 qua
1607 4448 1722 4503 vidi
1750 4466 2020 4503 summam
2043 4464 2232 4502 eorum
2261 4465 2402 4517 quae
2438 4449 2685 4520 proferre
2703 4449 2852 4504 volui
2890 4449 3003 4502 iam

1249 4570 1263 4579 -
1304 4538 1491 4593 Pauca
1528 4538 1733 4593 addam
1772 4538 1839 4592 de
1874 4536 2059 4592 verbis
2096 4539 2408 4607 argumenti
2447 4539 2739 4594 orationis:
2786 4542 3003 4604 βέλτιον
