3237 5131
793 532 818 582 1
865 531 1212 598 eorumque
1258 509 1685 600 cupiditatum
1730 510 1989 581 omnino
2044 533 2176 581 non
2242 507 2576 582 intellexit.
2669 508 2845 594 Quae
2916 510 3100 581 enim

793 603 986 687 pibuS,
1032 625 1192 685 quos
1235 625 1355 687 pro
1401 603 1795 669 Graecorum
1840 603 2346 668 discordantium
2390 603 2561 668 inter
2621 625 2691 668 se
2752 609 2818 668 et
2884 625 3091 669 sene—

793 715 806 755 ι
854 691 1062 755 salute
1108 691 1286 769 adiit,
1335 691 1562 755 eadem
1608 711 1862 774 semper
1908 690 2163 754 dicendi
2209 691 2424 774 speeie
2470 712 2547 754 ao
2591 711 2832 774 pompa
2870 691 3092 774 petiit,

836 777 1121 842 Theseus
1166 782 1499 860 praestare
1540 777 1769 860 potuit,
1814 777 2009 859 idque
2054 777 2110 841 is
2157 797 2347 858 quem
2392 784 2626 860 poetae
2673 783 2741 842 et
2783 778 3093 842 rhetores

793 887 839 930 n
885 864 1144 929 serioris
1190 864 1426 929 aetatis
1472 865 1595 930 sibi
1639 863 1976 929 finxerant.

793 953 831 1016 d
872 951 1035 1016 haee
1080 972 1209 1016 non
1270 955 1419 1015 sunt
1478 952 1709 1034 quibus
1755 957 2160 1034 posterorum
2223 950 2717 1016 admirationem
2762 951 2883 1016 sibi
2934 972 3095 1015 oon-

829 1040 1086 1103 Attieae
1147 1037 1551 1120 eloquentiae
1613 1043 1680 1102 et
1723 1038 1922 1102 Attici
1984 1038 2295 1102 sermonis
2356 1038 2526 1120 quod
2590 1037 2762 1103 solus
2822 1045 3097 1121 praeter

793 1147 828 1190 n
885 1125 1171 1208 locuples
1232 1131 1427 1208 atque
1486 1125 1695 1190 fidelis
1754 1146 1882 1190 non
1943 1125 2087 1190 dico
2148 1126 2333 1190 testis
2380 1130 2478 1190 est
2523 1125 2637 1190 sed
2682 1125 2985 1189 inventor
3034 1131 3098 1188 et

793 1212 948 1276 haee
975 1213 1317 1295 peculiaris
1350 1214 1485 1277 eius
1518 1219 1617 1277 est
1654 1213 1813 1291 lauS‚
1862 1232 2055 1294 quam
2100 1211 2286 1276 multi
2323 1211 2826 1290 celebraverunt,
2873 1211 3095 1275 nullus
3169 1279 3170 1289 χ

795 1300 942 1365 dem
988 1300 1310 1364 sententia
1355 1300 1708 1383 elegantius
1769 1321 1845 1364 ao
1891 1299 2213 1364 sollertius
2260 1320 2452 1380 quam
2496 1297 2823 1363 Johannes
2870 1298 3094 1362 Ludo-

793 1387 939 1466 ives,
1007 1388 1186 1454 ouius
1255 1387 1499 1452 dictum
1579 1386 2004 1471 Hieronymus
2050 1385 2316 1450 Wolfius
2378 1385 2714 1468 excripsit:
2770 1379 3094 1450 ‘Isocrate

793 1496 845 1538 is
890 1495 966 1539 ac
1011 1474 1233 1557 purius
1280 1474 1549 1558 cogitari
1593 1473 1753 1538 nihil
1795 1466 2049 1557 potest?
