3237 5131
1367 1122 1777 1200 OAPVT
1837 1125 1995 1201 III.

1477 1354 1904 1439 ExcursuS.

1286 1592 1325 1658 Ι.
1376 1590 1464 1659 Ad
1513 1608 1656 1677 cap.
1707 1590 1724 1657 Ι
1774 1609 1833 1679 ρ.
1884 1590 2083 1661 1-12.

532 1779 874 1848 Componam
897 1774 1004 1833 hoc
1029 1796 1264 1834 excursu
1301 1782 1589 1850 complura
1627 1799 1767 1849 quae
1796 1799 1908 1834 non
1931 1785 2047 1835 tam
2085 1782 2158 1836 ad
2192 1782 2437 1852 singulos
2474 1785 2623 1838 locos
2665 1802 2831 1854 quam

931 1884 1003 1938 ad
1037 1884 1211 1940 vitam
1247 1886 1485 1938 oratoris
1520 1889 1781 1953 totasque
1818 1887 2095 1940 orationes
2130 1887 2430 1955 pertinent.

859 2060 928 2142 a)
975 2059 1092 2124 Ad
1136 2058 1562 2126 Isocratis
1601 2060 1865 2123 'vitam
1910 2058 2523 2125 Plutarcheam.

215 2207 308 2276 [ad
327 2224 454 2275 cap.
475 2206 522 2258 1.
757 2197 916 2262 Cum
976 2200 1149 2281 apud
1202 2198 1578 2282 Dionysium
1643 2201 1752 2283 (de
1813 2198 2009 2264 Isocr.
2065 2200 2194 2263 iud.
2252 2222 2302 2264 c.
2358 2201 2418 2281 1)
2483 2200 2681 2265 verba
2740 2212 2826 2263 le-

533 2290 768 2369 gantur
827 2284 1202 2351 πλοῢτον
1277 2281 1475 2350 ὅσον
1536 2279 1813 2364 οὐδεὶς
1870 2287 2029 2350 τῶν
2086 2280 2250 2349 ἀπὸ
2311 2283 2829 2391 φιλοσοφίας

529 2369 1106 2458 χρηματισαμένων
1160 2370 1756 2460 περιποιησάμενος
1815 2370 2107 2439 ἐτελεύ-τα
2166 2370 2279 2438 τὸν
2335 2368 2485 2455 βίον
2541 2397 2671 2438 κτε.
2742 2374 2826 2437 ad

536 2479 750 2543 eaque·
774 2480 1081 2542 expressa
1112 2461 1239 2525 sint
1271 2461 1444 2542 apud
1493 2460 1965 2544 [Plutarchum]
2000 2482 2093 2524 vv‚
2126 2460 2186 2524 X
2217 2482 2377 2525 orr.:
2418 2454 2461 2524 ἃ
2480 2484 2515 2547 ρ
2534 2457 2716 2568 γύρι
2738 2457 2775 2523 ό
2794 2484 2829 2523 ν

531 2569 615 2612 τε
660 2540 861 2612 ὅσον
922 2539 1197 2624 οὐδεὶς
1241 2548 1666 2634 σοφιστῶν
1723 2540 2191 2636 εὐπόρησεν
2249 2542 2352 2625 ὥς
2408 2572 2551 2613 και
2608 2570 2825 2634 τριη-

531 2634 944 2721 ραρχῆσαι
990 2633 1079 2719 (p.
1128 2637 1308 2717 8370)
1379 2634 1570 2698 facile
1640 2634 1992 2699 credideris
2053 2634 2283 2700 ultima
2350 2635 2822 2720 [Plutarchum]

532 2721 730 2786 verba
774 2721 1150 2802 repetivisse
1198 2721 1384 2785 exiis
1417 2741 1582 2802 quae
1613 2741 1675 2802 p.
1710 2724 1868 2783 836⁸
1913 2721 2107 2784 dixit:
2160 2719 2275 2785 καὶ
2320 2714 2636 2808 εὐπορή
2652 2741 2749 2786 σα
2765 2745 2827 2784 ν-

530 2829 673 2883 τος
716 2799 856 2872 ἆπὸ
900 2803 1144 2873 τούτων
1188 2801 1292 2884 ὡς
1341 2804 1483 2871 καὶ
1539 2808 2008 2894 χορηγῆσαι
2062 2807 2167 2890 (de
2227 2813 2415 2889 patre
2460 2808 2827 2889 Isocratis):

531 2889 604 2957 at
649 2894 703 2956 si
746 2893 922 2976 leges
968 2894 1141 2976 apud
1187 2894 1462 2959 eundem
1512 2893 1982 2978 [Plutarchum]
2025 2915 2086 2975 p.
2135 2899 2322 2957 838⁸:
2369 2886 2830 2981 εὐπόρησεν

535 2974 877 3059 ἱκανῶς,
947 2975 1017 3045 οὐ
1075 2977 1289 3063 μόνον·
1333 2975 1618 3068 ἀργύρι
1639 3003 1725 3044 ον
1782 2975 2193 3068 εἰσπράττων
2235 2977 2386 3057 τοὺς
2450 2977 2824 3090 γνωρίμους,

532 3059 700 3130 ἀλλὰ
744 3065 861 3132 καὶ
904 3064 988 3131 τὰ
1031 3064 1217 3174 παρὰ
1266 3065 1659 3144 Νικοκλέους
1710 3068 1826 3131 τοῦ
1868 3063 2188 3153 Κυπρίων
2236 3064 2573 3151 βασιλέως,
2635 3091 2709 3144 ος
2751 3058 2830 3154 ἦν

534 3148 674 3230 υἱὸς
719 3147 1067 3240 Εὐαγόρου,
1130 3149 1339 3220 είκοσι
1396 3151 1683 3218 τάλαντα
1742 3151 1962 3237 λαβών
2017 3149 2183 3241 ὑπὲρ
2243 3155 2360 3218 τοῦ
2417 3152 2585 3240 πρὸς
2629 3149 2825 3219 αὐτὸν

534 3238 888 3327 γραφέντος
929 3237 1141 3326 λόγου,
1189 3235 1290 3328 ἐφ)
1328 3231 1428 3318 οἷς
1457 3239 1831 3328 φθονηθεὶς
1880 3239 2060 3327 τρὶς
2102 3238 2578 3329 προεβλήθη
2622 3239 2827 3329 τριή-

535 3351 812 3414 ραρχος
840 3322 1008 3406 usca,
1039 3329 1392 3412 perspicies
1425 3329 1586 3392 duos
1618 3327 1795 3392 locos
1826 3327 2248 3393 Plutarcheos
2279 3329 2505 3394 eodem
2540 3351 2620 3394 ex
2650 3328 2828 3392 fonte

536 3414 848 3480 deductos
894 3436 1036 3479 esse
1070 3437 1150 3480 ex
1195 3436 1323 3496 quo
1353 3414 1698 3498 Dionysius
1727 3414 1978 3494 hausit3
2026 3436 2177 3479 nam
2208 3422 2280 3479 ut
2309 3415 2601 3498 Dionysii
2630 3416 2831 3480 verba

535 3523 576 3565 a
605 3502 928 3584 prioribus
952 3502 1356 3567 Plutarcheis
1395 3502 1644 3566 secerni
1688 3507 2034 3583 nequeunt,
2082 3503 2177 3566 ita
2205 3502 2427 3584 priora
2454 3502 2644 3565 huius
2683 3512 2833 3566 cum

533 3588 1000 3670 posterioribus
1047 3588 1335 3654 eiusdem
1380 3589 1725 3652 coniuncta
1778 3593 1947 3651 sunt.
2035 3589 2216 3652 Inter
2258 3588 2421 3653 haec
2465 3588 2829 3673 posteriora

535 3681 752 3739 autem
792 3681 942 3740 sunt
984 3675 1370 3759 interposita
1399 3675 1739 3756 quaedam,
1787 3694 1953 3756 quae
1994 3675 2226 3740 ceteris
2256 3675 2416 3740 locis
2447 3696 2576 3739 non
2604 3674 2827 3780 legun—

534 3766 641 3824 tur
684 3763 916 3845 vixque
962 3784 1002 3826 a
1046 3763 1232 3828 nobis
1276 3761 1770 3844 intelleguntur:
1820 3762 1963 3842 quis
2011 3762 2180 3826 enim
2228 3767 2328 3826 est
2356 3755 2392 3824 ὁ
2423 3758 2590 3848 πρὸς
2636 3758 2830 3824 αυτὸν

535 3847 805 3935 γραφεὶς
848 3844 1082 3933 λόγοςῬ
1126 3856 1279 3928 treS‚
1327 3869 1456 3912 non
1500 3869 1699 3912 unum
1736 3847 1986 3911 Nicocli
2017 3854 2240 3913 orator
2283 3849 2477 3912 misit.
2525 3847 2825 3930 Legimus

534 3937 602 3998 in
647 3956 779 4018 arg.
827 3935 1022 4001 Isocr.
1068 3935 1162 3999 II:
1199 3929 1575 4022 Ἕρμιππος
1620 3931 1694 3999 δέ
1735 3952 1935 4020 φησιν
1978 3930 2046 3998 ἐν
2087 3935 2181 4020 τῷ
2210 3932 2363 4020 περὶ
2392 3935 2509 3998 τοῦ
2534 3927 2827 4019 Ἰσοκρά-

534 4045 683 4099 τους
725 4019 1256 4109 παρατιθέμενος
1300 4013 1627 4108 Εὕανδρόν
1676 4043 1823 4085 τινα
1882 4018 2051 4085 κατὰ
2095 4021 2225 4085 τῶν
2268 4021 2599 4107 σοφιστῶν
2657 4015 2826 4107 εἰρη-

534 4106 716 4188 κότα,
763 4105 853 4187 ὡς
897 4104 1000 4174 ὅτι
1044 4107 1265 4194 λαβὼν
1292 4104 1504 4175 εἴκοσι
1530 4104 2031 4194 τάλαντα-παρὰ
2061 4109 2178 4172 τοῦ
2211 4103 2603 4184 Νικοκλέους
2634 4100 2827 4183 αὐτὸς

535 4190 572 4261 ὃ
611 4189 977 4286 Ἰσοκράτης
1020 4191 1317 4284 ἔπεμψεν
1361 4187 1538 4280 αὐτῷ
1581 4193 1694 4259 τὸν
1738 4190 1930 4278 λόγον
1972 4195 2203 4260 τοῦτον
2246 4189 2375 4258 κτὲ.
2401 4195 2450 4277 ¹)
2518 4194 2827 4259 Videmus

443 4387 480 4458 ⁸)
514 4387 700 4446 Verba
746 4405 887 4458 quae
936 4391 1241 4457 sequuntur
1287 4384 1715 4456 τελευτήσαντος
1758 4389 1867 4440 τοῦ·
1912 4382 2217 4456 Εὐαγόρου
2271 4380 2449 4454 ὥσπερ
2506 4384 2599 4435 καὶ
2644 4379 2827 4451 τούτῳ

199 4473 559 4547 βουλόμενος
591 4474 861 4546 χρήσιμος
907 4480 1162 4539 γενέσθαι
1198 4472 1340 4535 μετὰ
1373 4472 1476 4543 τήν
1507 4475 1621 4527 τοῦ
1652 4471 1869 4545 πατρὸς
1903 4473 2156 4543 τελευτήν
2188 4472 2494 4544 respiciunt
2519 4471 2590 4525 ad
2616 4467 2827 4542 [Iseon]
