3237 5131
2698 340 2777 403 75

278 491 304 499 ’·
898 491 904 495 ·
1202 492 1208 499 ·
1417 472 2063 544 ΠΛΡΛΙΝΕΟΕΙΟ
2104 492 2110 493 ’

187 566 319 627 tum
364 560 601 628 titulus
640 561 887 648 primae
932 562 1268 628 orationis:
1318 563 2162 632 HPOCAHMONIKON.

186 650 224 713 J
226 673 330 717 am
375 651 564 716 vides
608 651 930 737 quomodo
975 650 1213 733 triplex
1259 651 1686 734 appellandae
1735 652 2044 722 orationis
2091 667 2249 717 usus
2289 658 2481 718 natus
2523 655 2625 718 sit.

391 737 599 814 Quod·
628 738 816 804 nobis
841 738 1311 821 ‘proposuimus
1354 739 1784 805 ostendimus:
1840 760 1962 804 nec
2005 754 2156 807 vero
2202 745 2339 805 tam
2383 741 2605 806 multis
2650 762 2789 806 rem

191 823 612 897 confecissem
653 862 745 874 -—
788 844 939 903 nam
981 824 1294 908 plurimos
1335 826 1506 893 viros
1538 826 1766 892 doctos
1812 829 2102 908 quamvis
2146 827 2422 910 professi
2465 849 2596 892 non
2640 829 2791 908 sint,

190 911 309 975 hoc
370 912 712 994 ignorasse
772 931 900 980 non
960 912 1157 978 credo
1216 952 1299 960 —-
1359 913 1485 977 nisi
1544 913 1804 996 gravior
1858 935 1965 978 res
2027 934 2223 996 quam
2280 915 2489 998 primo
2559 921 2790 998 optutu

189 999 582 1080 perspicitur
624 999 781 1064 mihi
826 1021 966 1065 esse
1012 999 1355 1065 videretur.
1445 999 1519 1063 In
1564 1001 1802 1066 nostris
1856 1001 2026 1066 enim
2073 1001 2402 1068 codicibus
2446 1001 2793 1068 Isocrateis

189 1085 418 1150 librum
449 1087 656 1152 istum
682 1084 1128 1174 παραινέσεων
1156 1087 1284 1168 legi
1314 1087 1465 1151 inde
1497 1086 1792 1168 efficitur,
1827 1089 1999 1170 quod
2030 1088 2097 1151 in
2129 1089 2361 1154 ceteris
2393 1089 2790 1154 orationibus

192 1173 568 1238 ordinandis
628 1175 815 1239 valde
875 1175 1134 1248 codices
1177 1173 1510 1253 fluctuant,
1556 1175 1624 1238 in
1671 1175 1976 1240 suasoriis
2021 1175 2148 1240 illis
2193 1176 2250 1240 is
2291 1177 2374 1241 ab
2421 1178 2714 1245 omnibus
2741 1179 2792 1260 ¹)

190 1266 481 1340 servatur
528 1262 687 1326 ordo
734 1283 926 1344 quem
953 1263 1385 1338 Demoniceae
1420 1263 1778 1343 argumenti
1827 1268 2053 1326 auctor
2089 1264 2369 1336 notavit:
2411 1257 2524 1329 ‘ad
2555 1264 2791 1329 Demo-

189 1347 413 1427 nicnm,
461 1349 556 1414 ad
584 1349 947 1428 Nicoclem,
993 1342 1330 1416 Nicocles'.
1385 1349 1899 1430 Respicientibus
1935 1370 2131 1431 porro
2178 1348 2364 1419 nobis
2409 1372 2539 1415 non
2585 1353 2790 1418 solum

195 1435 515 1500 suasorias
557 1437 693 1509 ,sed
754 1436 950 1501 etiam
1012 1437 1551 1502 demonstrativas
1572 1437 1626 1519 ⁹)
1696 1436 2152 1502 deliberativas
2208 1437 2597 1512 ¹iudiciarias
2663 1452 2790 1503 non

194 1525 430 1604 temere,
476 1524 851 1604 permixtas,
899 1524 1015 1588 sed
1062 1523 1411 1593 secundum
1441 1541 1546 1588 res
1577 1523 1643 1586 in
1676 1523 1918 1604 optimo
1951 1523 2264 1588 Urbinate
2296 1527 2410 1606 (Γ)
2443 1524 2790 1607 dispositas

195 1614 401 1672 extare
435 1609 602 1674 illud
633 1627 900 1692 quoque·
918 1610 1094 1677 haud
1123 1613 1305 1694 parvi
1335 1611 1644 1675 momenti
1674 1610 2001 1690 faciemus,
2043 1611 2215 1693 quod
2246 1611 2789 1679 demonstrativae

195 1693 251 1756 in
292 1695 571 1777 singulis
616 1696 799 1762 libris
840 1698 940 1764 -ita
984 1719 1125 1762 sese
1172 1698 1531 1781 excipiunt:
1965 1747 1968 1752 -
2444 1736 2447 1738 ·

583 1790 684 1847 Γ.·.
718 1784 795 1849 Χ.
840 1784 948 1848 ΧΙ.
994 1784 1166 1848 XIII.
1211 1784 1321 1848 IX.
1548 1786 1701 1848 AE:
1754 1783 1829 1848 X.
1874 1784 1982 1849 IX.
2028 1784 2199 1860 XIII.
2275 1785 2382 1850 XI.
2511 1787 2517 1796 ’

561 1877 669 1934 Z.-
712 1870 789 1935 X.
834 1870 944 1935 IX.
990 1871 1160 1936 XIII.
1206 1870 1316 1935 XI.
1544 1869 1713 1940 ΛΞε
1756 1871 1833 1934 Χ.
1878 1871 1989 1935 ΙΧ.
2065 1871 2173 1935 ΧΙ.
2250 1872 2439 1937 ΧΠΙ.-

199 1954 425 2022 Omnes
474 1957 599 2023 hos
645 1977 725 2023 ex
771 1963 948 2024 certo
995 1957 1275 2040 quodam
1308 1978 1552 2023 canone
1596 1957 1881 2040 pendere
1926 1958 2078 2022 inde
2124 1959 2314 2028 facile
2364 1961 2790 2042 cognoscitur,

196 2045 358 2122 quod
419 2045 716 2111 decimae
775 2046 1054 2128 primum
1112 2045 1326 2124 locum
1388 2046 1770 2110 concedunt.
1857 2045 2241 2112 Urbinatem
2303 2053 2520 2111 autem
2574 2069 2792 2112 veram

196 2131 575 2196 orationum·
620 2132 1106 2215 dispositionem
1167 2153 1456 2196 servasse
1516 2150 1726 2196 nonae
1789 2133 2097 2203 orationis
2158 2133 2582 2198 collocatione
2645 2156 2790 2200 con-

134 2228 141 2236 ·
197 2217 517 2301 probatur,
584 2240 751 2300 quae
795 2235 925 2285 non
978 2225 1115 2284 tam
1160 2225 1305 2284 aut
1350 2219 1857 2283 demonstrativa
1901 2225 2044 2284 aut
2087 2221 2380 2286 suasoria
2424 2227 2540 2300 est,
2597 2239 2792 2303 quam

200 2308 267 2365 et
322 2305 855 2383 demonstrativa„
897 2311 978 2372 et
1039 2307 1329 2378 suasoria
1385 2310 1604 2389 potest
1670 2306 2004 2391 appellari,
2072 2307 2168 2371 ita
2225 2313 2297 2370 ut
2349 2308 2478 2371 iam
2539 2314 2790 2373 veteres

205 2391 437 2456 cuinam
508 2393 772 2459 dicendi
835 2393 1056 2476 generi
1133 2394 1341 2458 oratio
1412 2392 1776 2457 addicenda
1861 2393 1949 2457 sit
2015 2393 2477 2471 dubitaverint.
2519 2397 2787 2477 (argum.

205 2472 375 2543 Isocr.
400 2480 557 2564 IX);
603 2480 904 2562 leguntur
971 2486 1189 2545 autem
1234 2480 1560 2546 orationes
1605 2481 1675 2544 in
1722 2485 1783 2541 Γ
1819 2479 1944 2545 1100
1991 2502 2072 2545 ex
2117 2482 2372 2547 ordine:

287 2599 343 2663 X
405 2603 499 2667 XI
565 2603 1022 2683 ‚XIIIUIXVI
1086 2603 1149 2667 H
1214 2603 1308 2667 III
1542 2602 1627 2667 VI
1694 2601 1813 2667 VII
1878 2602 2027 2690 XIV
2092 2604 2243 2669 VIII
2304 2604 2362 2669 V
2409 2601 2534 2669 XII
2582 2605 2687 2684 IV,

1545 2686 2686 2725 ω--ημ--ῌ

229 2689 231 2694 “
298 2690 750 2726 fflss-u·
991 2691 1300 2724 N——w--d

339 2723 691 2820 demonstr.
761 2726 766 2734 ’
991 2725 1265 2816 ssuasor.
1643 2762 1648 2768 ·
1790 2748 1797 2752 ·
1888 2726 2357 2797 deliberativae,
2461 2790 2466 2798 ,

625 2896 630 2904 «
715 2856 865 2945 xix
930 2882 1047 2947 xv
1111 2881 1261 2947 xvi
1324 2842 1504 2945 Xvn
1553 2880 1944 2967 xx[xv111
2008 2880 2184 2967 xxi]
2206 2882 2262 2967 3)

1290 3004 1691 3074 iudiciariae.
1742 3069 1746 3071 ,

232 3261 237 3264 ,
402 3198 434 3268 ¹)
474 3199 617 3253 Cum
653 3197 779 3251 dico
813 3192 891 3249 ‘in
927 3191 1194 3250 omnibus'
1234 3193 1675 3250 recentissimum
1712 3193 1759 3251 Ξ
1799 3196 2067 3266 negleg03
2106 3194 2272 3248 ΓΕΔ
2287 3195 2395 3248 ΖΛ
2418 3197 2787 3267 consentiunt,

200 3277 253 3331 in
290 3280 333 3331 Θ
369 3286 602 3339 0111111110
633 3300 745 3339 11011
780 3283 1154 3337 inveniuntur.

394 3374 438 3441 2)
478 3372 665 3427 Sectio
716 3370 1276 3425 demonstrativamm
1313 3374 1551 3440 quatuor
1586 3364 1864 3425 orationes
1912 3371 2261 3426 continebat:
2314 3390 2528 3443 argum.
2585 3391 2673 3427 or.
2710 3367 2793 3427 XI

202 3450 281 3504 διὸ
320 3460 410 3509 καὶ
450 3456 480 3511 ὁ
520 3458 689 3522 λόγος
722 3448 886 3513 οὗτος
918 3460 1025 3510 τῶν
1062 3459 1340 3532 τεοσάρῳν
1389 3458 1654 3522 ἐγκωμίων
1689 3458 1803 3508 ἐστι’
1815 3478 1829 3524 ;
1867 3475 1964 3514 eae
2013 3462 2197 3513 erant:
2237 3459 2523 3520 Helena,
2575 3459 2643 3512 de
2681 3478 2790 3529 qua

203 3555 354 3597 nemo
392 3540 689 3616 dubitavit,
727 3546 1027 3615 Busiris,
1066 3546 1315 3600 contra
1352 3545 1713 3615 sophistas
1751 3545 1995 3615 (argumz
2036 3542 2304 3613 ἐζήτησαν
2343 3546 2404 3597 δέ
2447 3564 2599 3600 τινες·
2625 3545 2790 3597 πάλιν

202 3629 282 3678 καὶ
308 3627 404 3683 daci
434 3629 695 3698 τέοιῦτὸς
731 3628 759 3683 ὅ
786 3630 945 3696 λόγος
981 3633 1111 3696 ,εἴγε
1132 3624 1206 3687 εἷς
1232 3633 1346 3684 ἐστι
1383 3632 1489 3684 ’τῶν
1525 3647 1560 3683 τ
1580 3654 1602 3683 ε
1626 3651 1658 3684 σ
1677 3652 1706 3683 σ
1725 3633 1763 3683 οἱ
1784 3653 1815 3702 ρ
1837 3654 1874 3684 ω
1895 3652 1923 3682 ν
1963 3632 2039 3695 ἔγ
2059 3654 2086 3683 κ
2108 3633 2234 3695 mul
2254 3654 2291 3683 ω
2313 3631 2382 3702 ν),
2423 3633 2790 3703 Euagoras

203 3712 423 3787 (argum.
462 3721 668 3788 ἐνίκησε
706 3721 769 3771 δὲ
802 3716 973 3772 αὐτὸν
1008 3717 1107 3771 τ’ὁν
1144 3716 1307 3783 λόγον
1346 3717 1597 3783 ἐγκώμιον
1634 3707 1849 3788 μᾶλλον4
1875 3722 2180 3790 λέγεσθαι).
2809 3705 2817 3716 ⁰

402 3810 444 3879 ³)
486 3794 779 3876 Orationes
814 3808 999 3862 XVIII
1034 3811 1091 3861 et
1138 3808 1269 3883 XXI
1308 3825 1441 3882 casu
1484 3808 1545 3861 in
1580 3808 1874 3864 Urbinate.
1900 3826 2013 3862 non
2059 3809 2350 3877 leguntur:
2407 3825 2585 3877 neque
2640 3808 2790 3861 enim

202 3888 317 3945 illas
350 3888 569 3964 peiores
604 3895 736 3951 libri
772 3892 1053 3961 omittunt,
1102 3912 1238 3964 quos
1273 3894 1334 3948 in
1372 3896 1821 3951 demonstrativis
1859 3900 1914 3951 et
1950 3896 2208 3949 suasoriis
2244 3897 2512 3964 praebere
2548 3895 2789 3948 vidimus

204 3978 444 4036 ordinem
489 3987 555 4036 ut
611 3987 798 4037 vetere
847 4002 915 4035 ex
974 4000 1184 4036 canone
1234 3982 1598 4052 depravatum
1647 3984 1728 4037 ita
1764 4002 1833 4039 ex
1887 3983 2082 4037 eodem
2130 3984 2226 4036 illo
2285 3981 2596 4049 oriundum,
2654 3999 2787 4050 quo-

202 4061 931 4137 rumquejndeliberativis
969 4073 1025 4123 et
1060 4068 1382 4138 iudiciariiS,
1425 4070 1471 4123 si
1509 4070 1908 4139 Turicensium‚
1949 4065 2046 4124 aut
2078 4069 2321 4125 Bekkeri
2358 4068 2567 4122 indices
2604 4070 2788 4136 perlu-

208 4147 472 4229 straveris,
508 4158 743 4212 eandem
779 4171 895 4213 esse
932 4156 1314 4211 condicionem
1350 4156 1510 4211 facile
1546 4152 1652 4211 tibi
1687 4157 2073 4228 persuadebis;
2106 4161 2396 4227 praeterea
2431 4158 2581 4209 locos
2618 4174 2686 4208 ex
2722 4156 2790 4209 iis

210 4244 413 4311 saepius
448 4241 666 4301 veteres
703 4246 1006 4315 scriptores
1049 4243 1321 4299 adferunt.
1372 4243 1624 4314 Denique
1681 4246 1727 4298 si
1774 4246 2048 4315 reputaris
2097 4244 2346 4299 ordinem
2403 4262 2472 4297 ex
2507 4259 2631 4312 quo
2652 4242 2710 4295 in
2746 4245 2796 4291 Γ

214 4330 475 4389 orationes
535 4333 857 4386 iudiciariae
907 4332 1209 4385 collocatae
1257 4333 1535 4401 leguntur,
1585 4332 1798 4402 priores
1859 4332 2013 4387 sedes
2067 4332 2137 4385 iis
2188 4332 2528 4385 orationibus
2575 4328 2790 4384 videbis

213 4430 485 4477 concessas
522 4439 659 4489 esso,
696 4436 931 4489 quarum
963 4416 1040 4471 in'
1058 4418 1334 4474 indicibus
1369 4421 1593 4475 nomina
1629 4421 1856 4492 propria
1891 4437 2003 4474 non
2037 4420 2316 4489 leguntur,
2364 4437 2491 4473 cum
2543 4417 2791 4486 singulae

212 4508 473 4566 orationes
526 4510 674 4563 inter
743 4525 801 4562 se
859 4504 999 4558 κατὰ
1060 4513 1334 4569 στοιχεῖον
1388 4510 1670 4579 excipiant
1725 4510 1803 4577 (A
1822 4508 2148 4575 ἰγινητικός,
2202 4504 2556 4566 Ἀντίδοσις,
2611 4522 2654 4555 π
2675 4525 2698 4554 ε
2720 4524 2749 4573 ρ
2771 4505 2814 4573 ὶ4
