3237 5131
892 497 897 511 ’
940 471 1109 538 inter
1155 467 1352 536 verba
1396 492 1561 555 quae
1607 466 1950 554 Dionysius
1996 491 2210 553 agnos«

892 585 926 625 n
963 568 1205 624 temere
1251 561 1559 623 insertam
1607 579 1747 622 esse
1794 579 1961 639 quae
1992 559 2210 622 Hermi

913 648 1071 711 Cum
1103 646 1277 729 apud
1305 645 1710 709 'Athenaeum
1742 643 1918 724 (XIII
1952 646 2135 725 5921»)
2169 667 2210 707 v

895 731 1010 796 ’ἐν
1040 735 1132 837 τῷ
1170 729 1320 817 περὶ
1349 725 1748 836 Ἰσοκράτους
1793 728 2210 816 προβαίνοντι

892 817 1048 925 »άτη
1069 818 1422 923 αναλαβεῖν
1482 814 1836 923 Λαγίσκην
1883 819 2066 922 (cxi.:
2097 857 2184 865 -

892 931 949 1007 νίν
988 901 1221 983 οἰκίαν,
1269 901 1340 983 ἐξ
1363 891 1458 1010 ἧς
1469 902 1583 968 καὶ
1614 901 1918 989 γενέσθαι
1958 899 2133 988 αὐτῶ
2165 908 2210 968 θ

892 993 982 1080 ἧς
1020 992 1327 1075 Στράττις
1356 987 1482 1099 *az-ij.
1515 1012 1759 1073 nosque
1798 990 1919 1054 hoe
1965 967 2210 1055 testimc

892 1079 1310 1182 [Plutarchi]
1359 1076 1603 1163 ἐγένετο
1635 1076 1706 1142 δὲ
1745 1074 1861 1140 καὶ
1888 1074 2066 1184 πρὸς
2101 1075 2182 1141 τὰ

892 1162 1215 1271 ποῐτάστῳ
1282 1162 1808 1271 παρειλκυσμένω
1876 1189 1941 1227 εν
2006 1165 2110 1268 τῇ
2150 1188 2210 1227 κ(

897 1276 1042 1332 οχον
1073 1248 1298 1334 ἔχοντα
1329 1250 1403 1315 τὸ
1437 1249 1969 1355 προσκεφάλαιον
1999 1248 2110 1314 καὶ
2146 1249 2210 1313 ve?

892 1361 1063 1403 ῑαντα
1126 1338 1195 1404 δὲ
1255 1335 1483 1490 ἑτοαίρᾳ
1544 1341 1844 1415 συνεῖναι,
1905 1364 1944 1424 ῃ
2006 1330 2210 1419 όνοιια

896 1424 1348 1511 θιγάτριονο
1393 1422 1724 1510 γενόμενον
1767 1424 1926 1487 ἐτῶν
1969 1421 2210 1487 δώδεκα

917 1517 1001 1595 (p.
1036 1518 1207 1577 839³·
1238 1514 1290 1592 b)
1341 1534 1418 1576 ex
1450 1513 1781 1594 Hermippi
1828 1511 1994 1575 libro
2027 1510 2177 1595 περὶ

896 1600 1081 1663 facile
1112 1599 1461 1663 credideris
1495 1599 1689 1661 etiam
1723 1619 1818 1674 ea,
1867 1619 2031 1678 quae
2065 1599 2206 1661 coni

924 1707 1172 1790 annexa
1217 1691 1365 1748 sunt
1411 1679 1665 1767 (ἐὲτειτα
1704 1680 2069 1788 Πλαθάνην
2111 1682 2210 1772 τὴ)

892 1795 1007 1835 κα
1032 1764 1302 1859 ἠγάγετο
1370 1773 1539 1856 τρεῖς
1596 1770 1848 1846 παῖδας
1907 1765 2175 1849 ἐχοισαν

892 1880 953 1920 ιιι
984 1857 1303 1940 profiteri:
1353 1865 1421 1922 at
1452 1858 1505 1922 si
1536 1857 1773 1921 Zosimi
1803 1859 2000 1921 vitam
2029 1858 2210 1921 Isocr

892 1967 912 2008 s
958 1945 1207 2027 legens:
1272 1941 1610 2009 ἔσκωπτον
1655 1942 1725 2008 δε
1768 1968 1877 2008 τοι
1873 1968 1994 2008 τον
2041 1968 2100 2008 οι
2151 1968 2210 2007 κ(

892 2029 1078 2136 τόριῃ
1125 2028 1443 2138 Λαγίσκῃ
1484 2024 1771 2113 ὀνόματι.
1826 2029 2120 2138 λέγομεν
2132 2028 2203 2093 δὲ

892 2099 1120 2183 άλιστα
1148 2117 1266 2200 μὲν
1298 2113 1478 2183 οὐδὲν
1506 2120 1697 2182 τοῦτο
1729 2121 1929 2194 ποιεῖ,
1977 2114 2034 2181 εἰ
2063 2109 2190 2196 εἶχε

892 2228 983 2289 γι
997 2230 1122 2268 ναι
1142 2203 1277 2282 κὸς
1334 2202 1571 2293 ταύτην
1615 2202 2017 2269 παλλακίδα.
2108 2205 2210 2267 Et(

895 2294 996 2356 ine
1044 2292 1240 2356 dubio
1289 2292 1710 2374 Hermippum
1756 2293 2063 2373 sequitur,
2111 2313 2210 2355 ne(

892 2378 1335 2441 Plutarchus
1405 2399 1481 2441 eo
1548 2378 1713 2456 loeo,
1771 2399 1961 2457 quem
2021 2378 2210 2441 Herm

895 2470 997 2527 sta
1041 2470 1337 2542 testatur,
1394 2464 1737 2545 quicquam
1784 2465 1864 2527 de
1912 2466 2210 2527 matrimo

892 2551 1011 2614 ab
1052 2557 1307 2616 oratore
1342 2556 1672 2616 contracto
1703 2551 1985 2630 tradant,
2018 2551 2210 2616 Herm

939 2632 1168 2701 ἔπειτα
1227 2661 1354 2702 ιιοιι
1419 2639 1773 2744 scripsisse
1811 2603 2194 2703 concludere

892 2747 921 2787 u
985 2727 1095 2806 qui
1156 2727 1445 2806 sequitur
1502 2726 1684 2789 locus
1746 2720 1974 2788 ἔπειτα
2022 2764 2102 2772 ——
2149 2716 2206 2789 εἶ

892 2833 991 2875 em
1052 2814 1304 2892 geneiis
1368 2819 1467 2875 est
1528 2813 1707 2875 cuius
1766 2833 1861 2874 vv.
1909 2802 1985 2899 ἦν
2030 2852 2111 2857 ——
2152 2816 2210 2873 Il

892 2896 945 2962 ἳὲ·
1005 2896 1243 2983 μητρὸς
1303 2939 1384 2944 -
1446 2919 1717 2982 σφ’,εται
1744 2900 1788 2978 ¹)
1860 2901 1944 2980 (p.
2010 2899 2194 2984 8390)

899 3085 1033 3141 τούς
1067 3089 1278 3140 παῖδας
1313 3082 1488 3156 ὥσπερ
1528 3088 1628 3153 τῆς·
1664 3080 1870 3145 οὐσίας,
1921 3082 2064 3137 οὕτω
2116 3090 2206 3138 καὶ

892 3174 1011 3226 :scio
1050 3177 1235 3226 autem
1284 3191 1354 3226 an
1403 3192 1471 3228 ex
1506 3173 1703 3225 horum
1738 3175 1987 3233 locorum
2028 3192 2210 3243 compa

892 3268 903 3313 '3
940 3261 1173 3313 Tzetzae
1212 3261 1453 3328 ineptiae
1494 3261 1581 3327 (cf.
1624 3260 1822 3316 Coraes
1857 3262 1944 3314 ed.
1982 3264 2088 3315 vol.
2115 3263 2210 3330 Π]

892 3348 957 3400 :iti
1008 3349 1177 3401 verba
1226 3348 1294 3400 ad
1342 3348 1667 3400 Euandrum
1714 3349 1870 3401 illum
1919 3354 2014 3401 aut
2051 3350 2120 3401 ad
2157 3350 2207 3401 H

892 3462 893 3480 ι
931 3434 1256 3502 gauderem:
1307 3451 1451 3486 nunc
1490 3434 1629 3486 nihil
1666 3453 1825 3487 ausus
1863 3436 2178 3489 testimonio

892 3521 1220 3575 >emoniceae
1258 3522 1524 3589 epistulae
1562 3522 1645 3573 uti
1681 3522 1838 3575 nobis
1875 3539 1985 3574 non
2021 3522 2188 3575 licere

892 3609 999 3663 [bio
1043 3609 1212 3662 verba
1250 3625 1363 3676 arg.
1400 3609 1562 3660 Isocr.
1614 3608 1720 3660 IX:
1770 3611 1984 3671 λέγουσι
2021 3610 2082 3657 δέ
2121 3626 2208 3659 τιν

892 3711 992 3746 του
1033 3694 1286 3761 ἐὸ“έξατο;
1325 3697 1506 3748 locum
1542 3699 1794 3748 nostrum
1829 3696 2150 3763 Loczynsky
2185 3695 2210 3747 i:

892 3782 1055 3835 umeri
1092 3782 1426 3835 talentorum
1464 3781 1535 3833 ad
1569 3782 1671 3835 XV
1707 3785 1774 3835 40
1811 3783 2111 3850 excogitati
2147 3783 2210 3836 vi*

892 3869 1151 3922 tlichaelis
1180 3869 1507 3937 (Pausaniae
1535 3869 1833 3937 descriptio
1871 3869 2011 3921 arcis
2043 3869 2210 3922 Ather

892 3952 1055 4005 ιιύτοῖν
1100 3952 1440 4026 Ἰσοκράτους·
1487 3956 1576 4005 καὶ
1615 3954 1905 4024 Θεοδώρου
1957 3957 2045 4005 καὶ
2090 3956 2185 4022 τῆς·

892 4063 901 4091 »
932 4043 984 4094 ἐν
1016 4037 1309 4110 ἀκροπόλει
1342 4046 1601 4109 corrupta
1634 4060 1748 4095 esse
1769 4043 1876 4095 rati
1900 4037 2079 4093 αὐτῶν
2108 4059 2210 4095 res«

892 4129 991 4182 rbis
1030 4147 1098 4181 ex
1134 4147 1382 4182 sermone
1421 4129 1681 4195 continuo
1729 4130 1926 4182 evulsis
1965 4129 2173 4197 tulerit,

892 4235 989 4285 ρον
1028 4216 1234 4282 (fratris
1257 4216 1554 4268 -Isocratisz
1595 4216 1744 4268 Suid.
1766 4234 1814 4269 v.
1832 4213 1942 4268 ’1σ.;
1982 4210 2206 4276 ἀδελφοὶ

892 4303 1144 4356 sitionem
1169 4302 1239 4355 ad
1267 4297 1443 4353 αὐτῶν
1480 4322 1595 4356 esse
1634 4303 1745 4354 vix‘
1764 4302 1936 4370 possit
1963 4302 2196 4370 negari?

892 4392 950 4440 αὶ
989 4388 1297 4460 Θεοδώρου,
1332 4385 1690 4459 Ἠὸ“υτοιῖς,
1738 4391 1830 4439 καὶ
1865 4389 1962 4455 τῆς
2003 4387 2210 4456 μταύτης

892 4478 945 4527 A
957 4479 1166 4529 ΥἸὩΝ
1204 4481 1522 4546 corruptum
1572 4476 1764 4528 scribis
1813 4493 1924 4527 non
1973 4469 2210 4545 transpO]
