3237 5131
2798 270 2926 359 133⁸

311 432 595 503 [adXtit.
623 433 802 499 Dem
831 453 881 496 c.
908 434 1020 515 44)
1061 436 1424 515 praetereo.
1458 430 1657 495 Omisi
1690 401 1905 513 porro,
1928 438 2001 494 ut
2031 436 2151 514 p‘ar
2182 439 2299 506 est,
2346 453 2455 497 eas
2488 417 2957 515 laudationeS,

363 504 467 555 ΧΠ
505 506 573 554 30
624 540 895 600 quarum
941 520 1118 601 ipsos
1163 519 1386 582 titulos
1431 540 1560 583 non
1607 519 2004 600 accepimus:
2061 519 2206 585 dico
2254 520 2653 603 Theopompi
2692 522 2917 585 lauda-

623 608 833 670 tiones
879 605 1155 670 Mausoli
1203 606 1434 689 (BlaSS,
1483 606 1614 668 Att.
1651 605 1912 669 Bereds.
1944 604 2004 667 II
2042 610 2192 677 372)
2243 606 2523 689 Philippi
2558 605 2922 672 Alexandri

627 693 830 776 (Theo
872 714 1159 776 progym.
1208 692 1302 756 rh:
1352 692 1459 756 Gr.
1499 692 1560 754 II
1604 697 1873 755 68.11()
1909 692 2077 773 Sp.,)
2125 694 2469 757 Naucratis
2504 700 2569 757 et
2613 694 2918 759 Isocratis

630 779 1082 861 Apolloniatae
1149 779 1556 843 laudationes
1629 779 1922 857 Mausoli,
2014 779 2281 862 Cephali
2353 780 2578 844 laudes
2643 782 2925 862 Lagidos

629 868 989 931 meretricis
1017 867 1274 950 (Athen.
1299 866 1453 930 XIII
1483 871 1635 931 5920
1651 872 1697 948 ),
1732 830 2028 930 Matridis
2052 873 2119 930 et
2143 867 2401 931 Caucali
2437 866 2639 930 Chii
2610 866 2928 952 εγκιόμιον
3044 870 3062 887 ’

626 948 1020 1039 (Ηρακλέους
1067 953 1324 1035 (Athen.
1356 954 1410 1015 X
1447 955 1658 1034 4121’).
1707 952 2090 1017 Theodectis
2138 953 2424 1017 laudatio
2475 954 2745 1026 Mausoli
2791 961 2924 1018 tra-

629 1041 862 1121 goedia
895 1046 1036 1104 erat
1063 1040 1664 1120 inscribebaturque
1711 1039 2089 1120 simpliciter
2113 1034 2483 1103 c'Mausolus
2531 1042 2783 1124 (Hygin.
2822 1063 2925 1123 ap.

631 1126 792 1191 Gell.
840 1149 900 1189 n.
950 1148 1010 1191 a.
1056 1127 1115 1190 X
1168 1132 1264 1201 18,
1317 1129 1403 1202 7).
1451 1126 1745 1206 Denique
1788 1125 2013 1190 titulos
2059 1126 2502 1191 laudationum
2549 1129 2921 1191 Potamonis

630 1213 1020 1319 Mytilenaei,
1051 1234 1211 1294 quos
1246 1212 1477 1276 Suidas
1528 1214 1609 1294 (v.
1645 1209 1977 1316 Ποτάμων
2023 1213 2296 1290 Inoni.)
2345 1215 2565 1293 tradit,
2609 1208 2927 1300 (Βρούτου

629 1296 962 1385 ἐγκώμιον,
1009 1296 1348 1386 Καίσαρος
1376 1292 1739 1384 ἐγκιόμιον’
1806 1299 1886 1362 ab
1934 1299 2045 1361 illo
2089 1299 2189 1362 vel
2250 1302 2465 1381 potius
2528 1302 2646 1365 ab
2662 1307 2927 1365 auctore

632 1388 767 1450 eius
835 1408 963 1450 non
1030 1386 1328 1468 religiose
1395 1386 1637 1450 relatos
1710 1407 1849 1449 esse
1920 1387 2270 1449 contendo:
2348 1408 2496 1450 nam
2567 1410 2769 1469 usque
2844 1388 2928 1451 ad

629 1475 1062 1537 Romanorum
1109 1480 1392 1537 aetatem
1438 1491 1685 1536 morem·
1732 1472 1909 1536 illum
1973 1472 2246 1536 valui-sse
2307 1473 2499 1537 docet
2544 1474 2926 1538 Plutarchus

633 1559 814 1623 Caes.
852 1565 986 1623 54.:
1035 1555 1286 1667 ἔγραψε)
1321 1556 1615 1643 Κικέρων
1662 1555 1979 1643 ἐγκώμιον
2015 1557 2324 1636 Κάτωνος
2370 1551 2575 1641 ὄνομα
2621 1562 2713 1645 τῷ
2760 1558 2928 1645 λόγῳ

630 1644 904 1751 θέμενος
958 1640 1286 1711 ζΚάτωνα
1341 1647 1447 1731 (cf.
1500 1646 1627 1710 Cic.
1676 1647 1831 1725 'lop.
1882 1651 1959 1709 25
1977 1653 2131 1726 94),-
2186 1649 2359 1728 quod
2414 1648 2587 1710 idem
2634 1648 2929 1711 Caesaris

635 1735 759 1798 duo
787 1726 1240 1796 ‘Anticatones'
1278 1735 1734 1816 comprobant3
1782 1728 2041 1797 libellic
2051 1735 2116 1796 in
2151 1734 2617 1816 quo(1111t1us)
2670 1734 2929 1815 collegit

631 1821 789 1885 vitia
857 1814 1137 1884 Catonjs'
1212 1820 1367 1901 (Cic.
1433 1821 1516 1883 ad
1576 1821 1710 1883 Att.
1776 1818 1894 1880 XII
1959 1826 2060 1890 40,
2074 1824 2132 1900 1)
2202 1821 2460 1884 titulum
2528 1821 2931 1901 ignoramu83

631 1928 840 1988 neque
872 1908 1076 1989 magis
1110 1908 1248 1971 noti
1279 1908 1525 1969 indices
1556 1906 1759 1969 libelli
1786 1906 1993 1969 Bruti·
1982 1908 2084 1968 1111
2136 1907 2215 1970 (13
2260 1906 2503 1971 Catone
2538 1914 2603 1971 et
2635 1909 2714 1970 de
2762 1908 2926 1989 App.

634 1993 900 2058 Claudio
927 2000 1040 2057 aut
1065 1993 1468 2058 Ciceroniani
1509 1993 1588 2056 de
1620 1992 1850 2056 Porcia
1898 1999 1965 2055 et
2012 1993 2305 2057 Caesare.
2353 2032 2441 2039 —
2485 1994 2662 2057 Haec
2712 1993 2931 2075 dispu-

632 2081 834 2145 tanda
873 2081 1028 2144 mihi
1077 2102 1218 2156 esse
1267 2081 1438 2159 duxi,
1486 2100 1566 2142 ne
1614 2100 1780 2142 vana
1826 2080 2114 2160 quamvis
2163 2080 2455 2161 speciosa
2492 2080 2564 2143 te'
2600 2080 2969 2143 Benseleri-

636 2167 865 2249 (praef.
916 2188 976 2248 p.
1023 2168 1265 2231 XXXII
1311 2188 1457 2230 ann.
1505 2168 1572 2249 8)
1622 2166 1951 2248 decipiant
1997 2172 2395 2248 argumenta.

1529 2375 1612 2457 15,
1663 2373 1743 2442 ad
1794 2373 1890 2442 ΧΙΙ
1939 2374 2111 2456 3⁰„

1644 2483 1733 2563 (p.
1792 2484 1920 2563 60).

809 2621 1110 2685 Editores
1147 2642 1180 2683 e
1215 2619 1475 2683 Stobaei
1500 2617 1813 2700 florilegio
1843 2621 2196 2684 sententias
2236 2627 2289 2700 1,
2323 2625 2423 2684 42.
2459 2625 2559 2683 43.
2594 2625 2675 2682 44
2724 2621 2931 2682 eicere
3006 2628 3010 2632 ’

637 2707 866 2785 solent,
915 2708 1152 2788 quippe
1201 2727 1364 2787 quae
1411 2712 1483 2768 ut
1530 2706 1800 2769 Gesneri
1845 2707 1911 2769 in
1954 2707 2234 2770 editione
2298 2708 2388 2770 ita
2450 2729 2576 2770 non
2639 2707 2703 2770 in
2751 2706 2931 2769 libris

637 2795 1076 2873 inveniantur,
1124 2794 1464 2873 Gesnerus,
1512 2793 1827 2874 inquiunt,
1878 2814 1987 2856 eas
2035 2815 2114 2857 ex
2158 2795 2299 2875 ipso
2340 2793 2625 2858 Isocrate
2658 2794 2929 2857 addidit.

637 2881 806 2956 Quid
866 2881 1108 2962 igitur?
1170 2901 1296 2961 quo
1351 2879 1517 2943 libro
1578 2901 1765 2942 usum
1826 2901 1967 2943 esse
2030 2879 2384 2943 Gesnerum
2446 2880 2720 2943 statuis-‘3
2797 2879 2931 2942 vul-

636 2968 876 3050 gatae?
923 2973 992 3031 at
1038 2968 1348 3031 lectiones
1381 2949 1809 3031 Stobaeenses
1856 2972 2076 3030 nostro
2123 2966 2265 3030 loco
2306 2988 2446 3029 cum
2488 2972 2545 3028 Γ
2570 2966 2931 3029 consentire

637 3054 848 3118 solent
887 3054 1109 3134 (καλῶ,
1158 3049 1654 3140 ἐλαφροτάτους,
1726 3048 1817 3115 ἑτι
1864 3051 2030 3130 τοὺς,
2074 3049 2567 3134 ἐξισταμένους).
2638 3052 2767 3114 Aut
2810 3051 2935 3114 Ur-

638 3141 923 3204 binatis‘?
990 3140 1284 3204 Bekkero
1332 3141 1530 3220 igitur
1575 3140 1833 3204 laudem
1878 3141 2187 3205 Isocratis
2235 3141 2643 3222 sospitatoris
2689 3139 2933 3220 praeri-

636 3249 790 3309 pere
824 3229 1064 3290 veritus
1098 3226 1422 3290 Gesnerus
1467 3226 1702 3290 librum
1742 3228 1933 3290 modo
1969 3229 2331 3309 inspectum
2380 3228 2598 3290 statim
2647 3226 2935 3290 tenebris

636 3314 968 3378 reddidit?
1030 3315 1221 3377 immo
1283 3314 1366 3377 ad
1428 3334 1466 3391 ς
1525 3313 1778 3376 accedit
1840 3313 2159 3378 Stobaeus
2222 3315 2540 3395 praebens
2601 3314 2681 3398 τῆ
2739 3309 2934 3390 τάξει,
2973 3321 2996 3334 ·

639 3395 804 3464 ἀλλὰ
830 3398 997 3486 πρὸς
1019 3396 1258 3478 πάντα,
1288 3395 1570 3475 τελείους
1594 3400 1977 3464 adversante
2002 3401 2333 3464 U1binate.
2370 3402 2555 3465 Nunc
2589 3400 2936 3462 Clementis

641 3488 1063 3552 Alexandrini
1107 3509 1188 3551 ne
1230 3487 1573 3551 obliviscar
1617 3486 1770 3550 licet
1814 3508 2093 3565 monere,
2154 3509 2232 3550 ex
2278 3509 2404 3568 quo
2450 3494 2728 3551 Iortasse
2778 3486 2828 3549 G
2838 3508 2935 3549 es-

640 3596 798 3639 nero
863 3597 981 3638 sua
1049 3574 1427 3656 depromere
1496 3573 1788 3637 licuerit.
1861 3574 2261 3654 Quamquam
2332 3581 2591 3637 autem.
2620 3573 2936 3636 Stobaeus

642 3683 786 3724 cum
832 3661 1038 3766 patris
1073 3661 1422 3724 Christiani
1472 3659 1686 3724 libris
1703 3661 1768 3722 in
1813 3659 2199 3724 lectionibus
2230 3659 2427 3739 καλῶ,
2476 3656 2937 3740 ἐξισταμένους,

637 3771 715 3835 τῃ
750 3744 948 3826 τάξει,
981 3741 1149 3811 ἀλλὰ
1149 3743 1349 3852 πρὸς
1383 3742 1669 3825 άπαντα,
1702 3742 1978 3823 τελείους
2008 3746 2181 3824 facit,
2215 3711 2430 3810 tamen
2466 3747 2549 3810 ab
2575 3768 2649 3809 eo
2675 3746 2939 3824 1ecedit,

645 3857 786 3898 cum
836 3834 1099 3899 exhibet
1143 3858 1237 3897 ετι
1285 3857 1435 3911 τους
1480 3837 1652 3916 (cum
1689 3826 1944 3916 Γ)οεὶ
1976 3857 2383 3932 κρατουντας,
2428 3831 2745 3918 μέγιστον,
2793 3832 2939 3895 δια-

642 3919 985 4003 κειμένους,
1047 3918 1466 4002 ἐμμένοντας,
1512 3927 1856 4002 praeterea
1901 3921 1974 4000 13,
2024 3920 2133 4001 qui
2181 3920 2576 3984 Clementem
2622 3919 2747 3982 1001
2793 3919 2938 3982 Sto-

643 4008 941 4072 baeensis
988 4009 1228 4072 fontem
1279 4007 1565 4071 Gesnero
1612 4008 1915 4080 vindicat,
1980 4029 2231 4071 sumere
2290 4014 2551 4071 coactus
2600 4011 2697 4069 est
2742 4005 2938 4069 veiba

646 4096 728 4158 ab
787 4095 1222 4159 Alexandrino
1287 4097 1524 4199 omissa
1572 4091 1825 4200 (ἐπειδὴ
1870 4133 1957 4140 -
1952 4087 2489 4175 ἀποδοκιμάζω,
2560 4091 2672 4156 καὶ
2709 4082 2807 4179 μὴ
2852 4131 2940 4138 —-

543 4246 549 4251 ,
641 4178 1064 4266 γιγνομένους,
1110 4205 1261 4258 τους
1305 4180 1376 4245 δὲ
1418 4179 1507 4268 μὴ
1553 4177 1753 4262 μόνον
1782 4219 1870 4228 —
1900 4174 2157 4266 ἀρετάς)
2206 4182 2409 4244 virum
2456 4144 2637 4244 illum
2678 4181 2939 4244 doctum

644 4289 724 4332 ex
790 4268 1075 4332 Isocrate
1142 4269 1499 4350 repetiisse,
1570 4268 1768 4332 verba
1836 4267 1918 4331 ab
1985 4267 2418 4332 Alexandrino
2487 4267 2731 4331 tradita
2806 4268 2939 4330 suis

646 4355 1029 4419 coniecturis
1082 4357 1177 4420 ita
1240 4377 1522 4434 ornasse,
1587 4359 1662 4418 ut
1720 4355 1913 4419 modo
1984 4360 2044 4416 Γ
2097 4355 2288 4418 modo
2337 4375 2393 4431 ς
2434 4355 2749 4418 imitanda
2817 4354 2940 4417 sibi

642 4442 1054 4524 proposuisse
1119 4443 1432 4525 videatur,
1495 4463 1623 4506 uno
1671 4447 1888 4506 autem
1932 4442 2077 4506 1000
2139 4447 2275 4505 tam
2335 4441 2507 4505 felici
2558 4461 2938 4533 usum-esse
