3237 5131
452 427 830 510 (Andocidis
874 427 1209 511 Dinarchi)
1272 426 1587 510 disposita
1645 427 1806 508 sint3
1859 427 1925 492 in
1973 427 2148 491 calce
2208 427 2545 492 voluminis
2607 426 3032 491 adiciebantur

452 515 686 580 dubiae
732 515 1137 580 auctoritatis
1183 515 1509 580 orationes
1556 513 1748 598 (And.
1793 511 1883 577 IV
1927 514 2070 578 Din.
2116 511 2204 578 IV
2251 513 2583 580 Demosth.
2615 511 2818 578 LVIII
2860 516 3030 596 sqq).

453 602 631 678 Quae
676 622 869 685 quam
913 601 1078 667 bene
1125 602 1209 667 ad
1253 606 1547 666 nostrum
1590 600 1996 666 Isocrateum‘
2020 601 2210 684 quale
2241 601 2308 665 in
2339 599 2658 667 Urbinate
2690 606 2789 665 est
2816 621 3031 682 corpus

454 689 793 773 quadrent,
843 711 985 754 cum
1018 709 1143 762 non
1178 689 1263 754 sit
1300 710 1415 753 cur
1458 687 1678 752 multis
1724 709 2041 769 moneam,
2088 688 2214 754 nisi
2256 692 2331 752 ut
2373 689 2563 753 simul
2588 687 2715 753 hoc
2745 692 2814 752 et
2842 688 3033 770 ipsum

451 798 568 841 nos
614 777 698 841 ad
742 775 959 842 studia
1002 775 1767 841 Alexandrino-Romana
1811 773 2133 840 deducere
2176 780 2415 857 notem,
2471 775 2662 840 velim
2703 795 2906 840 novos
2947 795 3032 838 re-

452 863 688 945 spicias
733 863 1029 929 tibicines
1076 883 1237 946 quos
1296 868 1560 928 nostrae
1623 862 1981 928 sententiae
2043 883 2124 926 ex
2181 883 2477 928 versuum
2537 861 3031 928 dinumeratione

450 952 517 1014 in
567 957 628 1012 Γ
666 955 921 1015 servata
965 950 1333 1016 substruere
1363 949 1533 1014 licet.
1578 949 1837 1014 Etenim
1865 971 2010 1014 cum
2039 949 2169 1014 iam
2195 949 2524 1016 Bekkerus
2567 949 3032 1014 celeberrimam

450 1055 629 1118 illam
669 1053 983 1119 Busiridis
1016 1053 1583 1137 subscriptionem:
1629 1050 1953 1140 βούσειρις
1998 1035 2528 1141 ΗΗΗΓᾸ-ΙΔΔΔ
2555 1047 2889 1130 &nummos
2917 1047 3034 1135 ἅμα

448 1145 589 1218 τοῖς
634 1136 918 1228 ἑταίροις
948 1137 1287 1229 θεοδιύρωι
1319 1139 1434 1206 καὶ
1464 1134 1828 1206 εὖσταθίωι
1860 1146 2258 1240 ceterasque,
2294 1162 2459 1224 quae
2490 1142 2775 1205 numeris
2807 1145 3034 1206 carent.

452 1229 817 1294 orationum
861 1227 911 1292 I.
959 1227 1038 1294 H.
1084 1228 1191 1300 IX.
1238 1227 1324 1292 X.-
1361 1227 1470 1292 XI.
1516 1227 1689 1292 XIII.
1736 1227 1979 1311 publici
2032 1229 2190 1292 111113
2249 1228 2528 1309 fecisset,
2588 1225 2886 1308 FuhriuS,
2951 1228 3037 1291 cui

447 1315 791 1398 Eggersius
838 1315 1056 1399 copias
1102 1315 1638 1395 commodaverat,
1664 1337 1871 1399 nuper
1916 1315 2153 1395 docuit,
2186 1315 2253 1380 in
2283 1315 2617 1380 Urbinatis
2664 1319 2727 1377 Γ
2763 1315 3038 1396 margine

448 1403 669 1466 literas
715 1405 920 1466 ΑΒΓ
958 1423 1094 1486 sqq.
1143 1402 1540 1473 orationibus
1589 1395 1920 1470 ‘Helenae'
1965 1395 2348 1485 ‘Euagorae'
2397 1395 2653 1467 ‘contra
2709 1394 3035 1485 sophistas'

448 1491 531 1554 ad
575 1483 919 1554 Nicoclem'
968 1490 1329 1574 adscriptas
1398 1511 1558 1570 esse,
1639 1511 1799 1571 quas
1844 1489 2067 1554 literas
2115 1489 2465 1556 Schanzius
2533 1493 2729 1554 antea
2774 1510 2857 1554 ex
2909 1489 3036 1552 Pla-

451 1578 621 1640 tonis
665 1577 729 1640 Β
772 1576 1134 1659 protulerat
1178 1582 1375 1660 atque
1419 1579 1514 1642 ita
1558 1576 1880 1659 explicare
1927 1577 2282 1659 studuerat,
2341 1583 2416 1640 ut
2489 1574 2775 1659 singulas
2831 1576 3034 1640 literas

450 1670 866 1728 centenorum
894 1682 1191 1728 versuum
1220 1662 1381 1730 fines
1411 1665 1478 1728 in
1507 1661 1942 1730 vetustissima
1963 1664 2247 1729 editione
2277 1662 2672 1748 significasse
2704 1668 3036 1742 statueret;

452 1758 516 1814 et
559 1751 722 1815 haec
769 1750 1111 1833 explicatio
1158 1773 1239 1816 ex
1295 1751 1611 1817 Busiridis
1681 1752 2150 1834 subscriptione
2217 1773 2360 1815 cum
2421 1756 2786 1816 ceterarum
2859 1749 3035 1815 orati-

449 1860 640 1902 onum
671 1837 951 1902 numeris
981 1839 1049 1903 in
1077 1839 1364 1922 margine
1408 1839 1640 1922 positis
1685 1843 2059 1921 comparata
2103 1838 2298 1904 fidem
2345 1838 2596 1904 nancta
2627 1842 2745 1902 est.
2797 1836 2928 1902 Sed
2968 1858 3034 1900 ne

451 1924 681 1990 tertius
726 1945 947 1990 eorum
992 1931 1326 1991 auctorum
1383 1927 1493 2008 qui
1553 1926 1812 2009 optimis
1875 1926 2158 1991 omnium
2215 1925 2399 1990 libris
2458 1924 2646 1990 nobis
2705 1925 3036 1990 traduntur

451 2013 725 2093 deesset,
751 2033 957 2095 nuper
979 2011 1294 2078 Christius
1318 2035 1399 2078 ex
1412 2012 1865 2077 Demosthenis
1889 2012 2202 2078 Bavarico
2228 2011 2291 2074 F
2306 2017 2372 2077 et
2393 2013 2688 2078 Parisino
2715 2015 2776 2076 Σ
2792 2013 3034 2077 easdem

449 2099 671 2164 literas
730 2099 911 2164 eruit.
1017 2100 1257 2166 Versus
1316 2101 1512 2184 igitur
1568 2100 1876 2164 librorum
1960 2121 2120 2188 quos
2194 2100 2437 2182 protuli
2497 2104 2563 2163 et
2621 2098 2916 2166 Platonis
2983 2103 3037 2162 et

451 2186 900 2252 Demosthenis
948 2192 1012 2251 et
1051 2186 1355 2253 Isocratis
1399 2187 1588 2252 unius
1634 2187 2047 2270 eiusdemque
2099 2186 2378 2254 ambitus
2438 2186 2729 2252 fuerunt:
2787 2187 3035 2270 triginta.

450 2274 584 2337 fere
631 2279 697 2338 et
742 2273 1021 2356 quinque
1066 2271 1436 2355 literarum3
1482 2276 1661 2357 atqui
1709 2275 2095 2357 optimorum
2140 2273 2426 2339 Platonis
2469 2273 3034 2356 Demosthenisque

452 2361 745 2425 codicum
802 2361 1071 2426 virtutes
1124 2382 1314 2426 nemo
1376 2361 1776 2428 abiudicabit
1832 2359 2268 2444 grammaticis
2332 2381 2411 2424 ex
2469 2360 3029 2427 Alexandrinorum

452 2441 1251 2600 doctrinfflepdentibus:
1313 2471 1466 2514 num
1509 2449 1733 2516 licebit
1777 2448 2089 2513 Isocratei
2149 2446 2377 2530 optimi
2435 2449 2891 2517 recensionem
2940 2447 3030 2513 ad-

452 2535 667 2599 dicere
786 2534 858 2600 “s
881 2586 894 2599 .

656 2539 977 2705 Adiungo)
995 2624 1075 2687 iis
1106 2644 1272 2708 quae
1306 2622 1439 2688 dixi
1472 2626 1704 2707 quarto
1748 2622 1893 2688 loco
1926 2630 2375 2707 argumentum
2407 2624 2487 2690 ex
2516 2624 2784 2707 propria
2815 2626 3021 2690 virtute

446 2709 719 2791 petitum
764 2731 893 2793 qua
922 2710 1201 2776 Urbinas
1233 2715 1495 2794 praeter
1533 2715 1790 2776 ceteros
1828 2710 2030 2777 libros
2060 2712 2128 2776 in
2157 2712 2493 2778 tradendis
2529 2712 2812 2777 oratoris
2844 2709 3030 2775 verbis

449 2796 655 2860 floret.
701 2796 1018 2879 Vulgatae
1052 2804 1362 2881 quantum
1390 2796 1499 2863 ille
1530 2802 1823 2879 praestet
1866 2820 1995 2863 non
2040 2822 2255 2865 meum
2289 2806 2389 2864 est
2421 2800 2636 2865 dicere
2663 2822 2676 2862 :
2719 2794 3031 2864 Benseleri

446 2883 883 2948 testimonium
914 2885 1192 2967 profem,
1225 2886 1336 2968 11111
1364 2884 1748 2966 Bekkerum,
1781 2884 1952 2950 illius
1985 2886 2225 2953 codicis
2257 2887 2554 2967 indicem,
2597 2907 2840 2950 novum
2870 2882 3030 2949 nobis

448 2971 800 3035 Isocratem
846 2971 1101 3037 dedisse
1146 2971 1548 3055 praedicavit
1608 2972 1839 3056 (praef.
1885 2994 1946 3055 p.
1995 2972 2156 3057 IH);
2225 2996 2348 3039 nec
2392 2994 2543 3038 vero
2588 2994 2719 3037 non
2771 2972 3032 3039 libenter

452 3058 725 3122 eandem
768 3054 937 3125 libro
979 3058 1449 3143 praestantiam
1504 3058 1930 3125 concedemus
1991 3081 2152 3145 esse,
2218 3060 2273 3126 si
2335 3060 2471 3127 eius
2531 3059 2850 3126 lectiones
2909 3078 3031 3125 cum

448 3269 589 3318 quae
625 3250 748 3305 illas
786 3269 853 3304 ex
887 3252 1047 3320 parte
1084 3266 1283 3319 easque
1319 3250 1674 3319 perturbatas
1711 3248 1968 3319 servavit,
2004 3248 2142 3306 locis
2179 3248 2424 3319 cessisse3
2459 3249 2754 3307 recordare
2789 3266 2952 3321 porro
2985 3248 3031 3301 in

450 3338 607 3391 libris
641 3338 842 3392 nostris
880 3340 937 3391 et
973 3336 1210 3391 cuiusvis
1246 3335 1446 3391 aetatis
1483 3340 1539 3391 et
1576 3336 1816 3392 cuiusvis
1861 3336 2148 3407 scriptoris
2185 3336 2323 3390 nihil
2360 3337 2576 3408 saepius
2611 3336 2852 3393 inveniri
2887 3353 3028 3407 quam

449 3426 718 3479 incuriam
752 3424 1061 3482 scribarum
1095 3424 1153 3479 in
1188 3424 1482 3483 exarandis
1517 3424 1695 3482 literis
1731 3424 2132 3482 increscentem
2150 3456 2218 3464 —
2242 3428 2489 3479 antestor
2526 3423 2863 3479 scholiorum
2897 3424 3029 3479 volu-

451 3514 597 3565 mina
634 3531 728 3567 -ε
781 3510 915 3581 quid
949 3510 1299 3567 verisimilius
1337 3530 1502 3581 quam
1536 3512 1686 3567 idem
1720 3514 1824 3567 hoc
1845 3512 2031 3567 'etiam
2068 3512 2127 3565 in
2172 3516 2362 3566 nostro
2411 3512 2619 3567 factum
2667 3513 2827 3565 esse?
2894 3511 3031 3565 Hanc

447 3612 692 3652 nostram
729 3600 1104 3655 coniecturam
1141 3598 1187 3651 si
1224 3598 1507 3668 amplexus
1544 3600 1670 3669 0113,
1718 3598 2194 3667 demonstrativas,
2246 3617 2386 3669 quae
2435 3603 2492 3654 et
2527 3598 2952 3668 subscriptiones
2985 3598 3032 3647 et

452 3686 852 3755 adscriptiones
890 3686 1097 3756 optime
1135 3684 1492 3756 servaverint,
1528 3686 1658 3741 inde
1709 3688 1777 3741 ab
1825 3685 2054 3740 remotis
2108 3685 2451 3756 temporibus
2489 3704 2688 3755 agmen
2713 3699 2718 3704 ·
2740 3689 3030 3741 ceterarum

449 3774 667 3827 duxisse
705 3773 1009 3829 concedere
1048 3772 1229 3843 debes.
1270 3803 1336 3813 -
1473 3837 1480 3845 ι
1730 3838 1735 3841 -
2332 3840 2337 3845 ,
2605 3837 2610 3843 1

660 3859 697 3930 ¹)
738 3860 817 3915 cf.
854 3860 1023 3929 Fuhr,
1060 3860 1162 3914 Rh.
1201 3861 1276 3915 M.
1314 3860 1574 3915 XXXVII
1594 3863 1699 3915 470
1735 3878 1852 3929 31111.
1890 3891 1956 3901 -
1997 3860 2227 3931 Schanz,
2263 3860 2452 3916 Herm.
2489 3861 2618 3915 XVI
2664 3879 2719 3930 p.
2760 3862 2864 3915 309
2924 3874 3025 3926 sqq·

446 3979 512 3987 -
564 3948 766 4016 Christ,
815 3948 1282 4017 Attikusausgabe
1342 3949 1437 4003 des
1494 3949 1889 4003 Demosthenes
1939 3948 2272 4018 (Sitzungsb.
2329 3948 2428 4003 der
2493 3948 2700 4017 konigl.
2739 3948 2794 4003 b.
2845 3946 2946 4001 Ak.
2990 3960 3027 3995 z.

446 4037 722 4089 Miinchen
762 4038 932 4104 1882).
955 4066 1021 4077 -
1042 4035 1245 4105 GrauX,
1282 4036 1415 4091 Rev.
1438 4037 1505 4090 de
1524 4020 1657 4106 phil.
1677 4054 1730 4090 0.
1746 4036 1854 4089 s.11
1877 4054 1929 4105 p.
1945 4039 2132 4107 97sqq.
2165 4065 2230 4077 ·—
2251 4036 2422 4107 Diels,
2459 4036 2645 4091 Herm.
2671 4034 2828 4089 XVII
2849 4053 2903 4103 p.
2927 4033 3030 4086 370.

452 4123 692 4177 Consilio
730 4119 968 4179 'christii
1020 4121 1397 4192 coniecturae,
1454 4123 1549 4193 qui
1612 4123 1999 4177 Demosthenis
2052 4124 2324 4177 librorum
2383 4124 2496 4177 ΡΣ
2552 4122 2926 4193 recensionem
2969 4115 3029 4171 ad

449 4212 626 4265 Attici
658 4210 925 4265 editiones
947 4205 1308 4279 (Ἀττικιανά)
1327 4212 1515 4280 refert,
1534 4212 1871 4265 mentionem
1907 4229 2019 4264 non
2046 4211 2170 4265 feci.
2199 4211 2276 4265 At
2289 4215 2442 4266 certa
2467 4211 2703 4280 quadam
2729 4206 3028 4264 recensione

449 4300 617 4353 trium
656 4298 989 4368 scriptorum
1022 4298 1195 4353 libros
1231 4302 1611 4369 pertractatos⁸
1637 4317 1773 4369 0330,
1809 4299 1867 4352 01
1903 4298 2010 4368 ipsi
2048 4297 2141 4352 isti
2167 4295 2299 4353 libri
2336 4299 2614 4367 docerent,
2651 4294 3026 4366 adscriptiones

455 4387 772 4459 probarent;
834 4387 1192 4455 quamobrem
1228 4386 1445 4442 ratione
1482 4388 1636 4441 nulla
1685 4386 1875 4441 addita
1922 4385 2179 4457 religiose
2215 4386 2352 4441 mihi
2388 4386 2456 4441 de
2491 4384 2774 4443 Urbinatis
2809 4397 3025 4438 recen·

452 4474 653 4532 sione
688 4471 871 4527 dicere
906 4490 1067 4549 posse
1102 4473 1347 4531 videbar.
