3237 5131
1173 1372 1180 1379 ’
1238 1420 1651 1498 OAPVT
1711 1420 1823 1513 H·

837 1624 1344 1709 Quaestiones
1375 1625 1727 1709 ‘criticae
1764 1623 2226 1709 Isocrateae.

433 1869 757 1951 Legimus·
802 1870 869 1933 in
936 1869 1067 1933 vita
1133 1868 1457 1949 IsocratiS,
1536 1889 1729 1951 quam
1796 1868 2322 1933 Westermannus
2390 1868 2645 1933 Zosimo
2714 1867 2828 1931 ad-

237 1957 490 2039 scripsit
537 1956 642 2043 (O.
688 1955 762 2021 A.
806 1955 869 2020 H
911 1977 974 2039 p.
1025 1960 1156 2039 5⁸):
1202 1953 1453 2042 λέγεται
1497 1954 1568 2031 δὲ
1611 1954 1730 2020 καὶ
1774 1956 1963 2020 τοῦτο
2023 1952 2176 2041 περὶ
2237 1948 2437 2019 αὐτοῦ
2496 1958 2607 2037 (sc.
2665 1947 2827 2019 Ἰσο-

232 2041 544 2131 κράτους),
590 2036 679 2120 ὥς
721 2037 824 2107 ὅτι
867 2065 1108 2131 κατηγο
1148 2041 1342 2131 ηθεὶς
1402 2037 1490 2121 ὥς
1547 2039 1918 2128 διαβάλλων
1960 2038 2074 2129 τὴν
2117 2042 2281 2132 δημο
2363 2038 2557 2106 ατίαν
2614 2036 2681 2104 ἓν
2737 2040 2832 2125 τῷ

233 2126 497 2218 γράφειν
556 2126 767 2218 πρὸς
833 2068 1263 2195 Νικοκλέα
1328 2127 1477 2207 τὰς
1540 2127 2099 2217 παραινέσεις
2164 2135 2321 2213 βασι
2364 2121 2663 2193 έα-ὅντα
2728 2119 2828 2214 ᾔει

233 2212 795 2304 ἀπολογησόμενος
822 2214 1027 2282 πάλιν
1064 2215 1153 2296 ἐξ
1194 2210 1463 2283 αὐτῶν
1505 2218 1664 2282 τῶν
1707 2213 2295 2305 παραινέσεων
2338 2211 2543 2287 εἰπών
2588 2213 2829 2279 έκεῖνο·

235 2300 448 2412 ὥσπερ
492 2300 615 2391 γὰρ
655 2301 772 2394 τὸν
815 2301 882 2369 ἓν
925 2301 1331 2393 δημοκρατίᾳ
1376 2299 1874 2387 πολιτευόμενον
1918 2301 1995 2369 τὸ
2038 2302 2303 2392 πλῆθος
2347 2302 2447 2368 δεῖ
2498 2297 2828 2388 θεραπεύ-

236 2415 315 2457 ειν
363 2389 534 2457 οὕτω
580 2388 696 2458 καὶ
742 2389 854 2456 τὸν
898 2389 965 2456 ἕν
1007 2387 1325 2479 μοναρχίᾳ
1368 2394 1800 2458 κατοικοῦντα
1843 2389 1957 2457 τὸν
1998 2387 2274 2475 βασιλέα
2310 2415 2367 2453 π
2409 2386 2624 2476 οσήκει
2654 2392 2829 2453 θαυ-

235 2476 467 2560 μάζειν.
516 2475 671 2555 Quis
717 2483 834 2560 est',
882 2480 993 2561 qui
1040 2480 1312 2561 cognitis
1355 2482 1681 2564 prioribus
1727 2480 1939 2545 verbis
1983 2480 2347 2561 posteriora
2422 2499 2538 2543 aec
2569 2477 2653 2541 ad
2686 2498 2827 2541 ora-

233 2569 472 2633 tionem
497 2560 610 2631 ‘ad
633 2559 1004 2632 Nicloclem'
1039 2565 1271 2633 reffere
1318 2567 1712 2634 dubitaverit
1730 2569 1761 2630 ‘?
1805 2573 2095 2632 attamen
2133 2588 2341 2650 neque
2372 2565 2439 2629 in
2467 2564 2591 2630 hac
2622 2585 2830 2648 neque

235 2655 293 2717 in
336 2655 549 2719 altera
585 2653 1030 2718 Nicoclearum
1079 2655 1193 2719 s'ed
1238 2655 1306 2718 in
1352 2654 1629 2737 epistula
1674 2655 1758 2719 ad
1804 2654 2225 2719 Demonicum
2269 2654 2467 2717 missa
2512 2651 2830 2735 leguntur.

244 2740 448 2817 Quid?
517 2741 842 2806 orationes
907 2741 1118 2824 prima
1185 2747 1251 2805 et
1318 2742 1526 2807 altera
1583 2762 1797 2809 nonne
1859 2741 2236 2806 coniunctae
2307 2745 2483 2804 certo
2552 2739 2832 2823 quodam

242 2828 556 2893 volumine
605 2828 819 2894 editae
867 2834 1071 2911 erant,
1117 2827 1310 2911 quod,
1371 2834 1568 2912 prout
1609 2829 1773 2894 alius
1819 2828 2073 2910 generis
2120 2826 2444 2893 orationes
2490 2847 2620 2891 non
2659 2846 2832 2890 com-

234 2915 658 2997 plectebatur,
713 2914 973 2981 titulum
1027 2909 1557 2999 Ἰσοκράτους
1598 2911 2157 3003 παραινέσεις
2215 2935 2372 2999 prae
2418 2933 2487 2977 se
2533 2911 2833 2977 ferebat?

236 3001 358 3067 Sed
407 3007 600 3069 erunt
644 3003 756 3084 qui
800 3003 1118 3070 abnuant:
1167 3003 1329 3080 alios
1373 3004 1570 3086 igitur
1612 3008 1816 3068 testes
1863 3001 2468 3085 circumspiciamus.
2558 3000 2724 3065 Nolo
2774 2999 2833 3062 ei

231 3089 496 3153 nimium
555 3088 841 3154 tribuere
901 3090 1016 3171 rei,
1081 3090 1253 3172 quod
1313 3090 1787 3172 gnomologium
1846 3089 2346 3155 Barroccianum
2407 3110 2448 3148 a
2500 3087 2833 3148 vaatero

231 3175 505 3256 editum,
554 3176 729 3258 quod
759 3175 1231 3242 Wilamowitzii
1275 3179 1718 3260 praeceptoris
1765 3178 1993 3260 optimi
2036 3177 2077 3242 b

230 3263 385 3326 mihi
431 3263 633 3342 licuit,
672 3263 764 3329 ⁴in
808 3263 1019 3328 indice
1065 3263 1293 3330 habet:
1339 3265 1604 3349 ’γνῶμαι
1650 3265 1793 3328 κατ’
1838 3260 2081 3350 ἐκλογὴ]

232 3347 300 3414 ἐκ
343 3351 477 3440 τῶν
521 3345 936 3438 Δημοκρίτου
979 3348 1095 3415 καὶ
1141 3347 1518 3436 ἐγχειριδίου
1561 3351 1677 3416 τοῦ
1716 3345 2099 3439 Ἐπικτήτου
2158 3350 2273 3414 καὶ
2332 3351 2446 3437 τῆς
2489 3350 2655 3435 πρὸς
2698 3350 2833 3435 Λη-

233 3433 502 3517 μόνικον
544 3434 892 3525 ἐπιστολῆς
948 3439 1064 3502 τοῦ
1104 3431 1504 3525 Ἰσοκράτους
1564 3436 1683 3502 καὶ
1744 3433 1975 3524 ἑτέρων
2033 3432 2446 3526 φιλοσόφων;
2505 3457 2624 3500 nec
2682 3455 2834 3498 vero

234 3545 312 3588 ex
354 3524 568 3607 prima
625 3529 879 3589 tantum
926 3525 1217 3590 oratione
1280 3526 1394 3590 sed
1457 3525 1655 3590 etiam
1715 3546 1795 3590 ex
1855 3526 2063 3590 altera
2122 3525 2477 3589 sententias
2529 3522 2833 3606 praebet:

237 3609 466 3676 Gnom.
499 3611 683 3676 Barr.
731 3615 820 3676 80
861 3597 952 3679 ὧν
993 3608 1113 3689 τοὶς
1142 3660 1159 3675 .
1192 3660 1210 3676 .
1243 3660 1258 3675 .
1290 3607 1558 3698 πράξεις
1603 3615 1715 3695 (=
1752 3606 1966 3678 Isocr.'
1994 3611 2059 3676 Π
2105 3615 2249 3694 38);
2296 3615 2377 3674 85
2426 3603 2689 3696 ἀρχικὸς
2719 3657 2734 3671 .
2766 3654 2784 3670 ι.
2819 3629 2833 3671 ·.

234 3693 534 3775 διανοίας
577 3701 692 3781 (=:
710 3698 909 3775 Isocr2
940 3698 1002 3763 H
1048 3702 1188 3782 24);
1240 3703 1361 3763 157
1409 3699 1508 3764 δεῖ
1553 3693 1710 3784 ὅρᾶν
1741 3746 1757 3763 .
1789 3747 1807 3762 .
1840 3747 1856 3763 .
1888 3696 2163 3787 πονηροὶ
2209 3701 2320 3781 (=
2349 3697 2545 3762 Isocr.
2590 3695 2654 3760 II
2699 3698 2837 3780 28);

241 3789 361 3850 186
403 3781 699 3864 κολάζειν
729 3833 746 3851 .
779 3834 797 3851 .
828 3833 846 3848 .
878 3782 1437 3872 ἐξαμαρτάνοντας
1481 3790 1592 3870 (=
1615 3787 1813 3852 Isocr.
1860 3786 1923 3850 H
1957 3789 2085 3874 20).
2135 3784 2262 3850 Sed
2296 3805 2441 3849 cum
2470 3784 2616 3849 illos
2659 3783 2837 3846 locos

237 3871 545 3937 facillime
593 3892 810 3937 errore
850 3872 917 3936 in
962 3873 1438 3957 gnomologium
1483 3874 1819 3957 irrepsisse
1866 3878 2151 3938 statuere
2197 3893 2420 3955 queaS,
2482 3870 2840 3953 graviorem

233 3965 533 4040 petamus
563 3963 797 4024 testem
827 3961 1266 4042 procedatque
1298 3961 1737 4044 Hermogenes
1781 3961 1894 4043 qui
1941 3963 2041 4043 (π.
2086 3963 2241 4043 μεθ.
2289 3958 2437 4024 δειν.
2468 3958 2587 4021 Rh.
2622 3956 2730 4021 Gr.
2779 3954 2841 4018 II

238 4051 363 4110 440
397 4045 539 4129 Sp.)
587 4045 748 4111 haec
792 4046 1022 4113 habet:
1067 4043 1312 4111 τούτων
1358 4051 1470 4130 (sc.
1517 4048 1645 4112 τῶν
1687 4044 1993 4131 μεθόδων
2034 4048 2149 4112 τοῦ
2178 4042 2405 4112 ἑαυτὸν
2447 4038 2842 4126 ἀνεπαχθῶς

241 4127 561 4217 ἐπαινεῖν)
594 4129 1097 4220 παραδείγματα
1123 4128 1492 4242 Ἰσοκράτῃς
1521 4133 1600 4199 ἐν
1630 4136 1739 4242 ‘cte
1781 4131 2081 4221 πρώτῳ
2126 4130 2337 4220 λόγῳ
2381 4133 2540 4198 τῶν
2581 4155 2840 4218 παρα-

242 4218 587 4284 ινέσεων
627 4218 703 4284 τὸ
741 4222 1004 4310 πρῶτον
1033 4217 1386 4329 προοίμιον
1415 4223 1649 4287 εαυτοῦ
1692 4219 1963 4287 ε’παινον
1995 4218 2419 4286 κατεσκεύασε
2438 4242 2453 4257 ·
2500 4215 2684 4284 θέλει
2720 4215 2841 4306 γὰρ

237 4302 454 4372 εἰπεῖν
513 4302 617 4372 δ’τι
676 4304 800 4392 ἐγώ
859 4301 1018 4398 ἀνήρ
1077 4332 1213 4392 ειμι
1273 4309 1562 4374 σπουδαι
1615 4305 1848 4387 ότατος
1904 4307 2019 4374 καὶ
2076 4305 2272 4391 μόνος
2330 4303 2527 4396 φίλος
2584 4301 2842 4391 ἀγαθὸς

236 4387 701 4472 ἀποθανόντος
741 4396 858 4460 τοῦ
886 4393 1155 4483 πατρός,
1202 4388 1258 4460 ὦ
1295 4393 1637 4486 Δημόνικε,
1682 4393 1792 4461 σοὶ
1834 4390 2084 4462 εὐνοῶν.
2135 4397 2305 4460 Num
2348 4395 2539 4459 huius
2585 4413 2838 4476 quoque

237 4483 698 4549 auctoritatem
742 4483 1090 4549 addubitas
1105 4484 1136 4546 ⁴?
1221 4482 1554 4550 Certissim
1613 4489 1714 4549 est
1758 4504 1990 4567 corpus
2034 4479 2479 4571 παραινέσεων
2522 4480 2839 4548 Isocrate-
