<?xml version="1.0" encoding="UTF-8"?>
<!DOCTYPE html PUBLIC "-//W3C//DTD XHTML 1.0 Transitional//EN"
    "http://www.w3.org/TR/xhtml1/DTD/xhtml1-transitional.dtd">
<html xmlns="http://www.w3.org/1999/xhtml" xml:lang="en" lang="en">
 <head>
  <title>
</title>
<meta http-equiv="Content-Type" content="text/html;charset=utf-8" />
  <meta name='ocr-system' content='tesseract 3.04.00' />
  <meta name='ocr-capabilities' content='ocr_page ocr_carea ocr_par ocr_line ocrx_word'/>
</head>
<body>
  <div class='ocr_page' id='page_1' title='image "./analectaisocrat00isocgoog_0009.png"; bbox 0 0 3237 5131; ppageno 0'>
   <div class='ocr_carea' id='block_1_1' title="bbox 267 323 352 414">
    <p class='ocr_par' dir='ltr' id='par_1_1' title="bbox 267 323 352 414">
     <span class='ocr_line' id='line_1_1' title="bbox 267 323 352 414; baseline 0 0"><span class='ocrx_word' id='word_1_1' title='bbox 267 323 352 414; x_wconf 64' lang='lat' dir='ltr'><em>Vl</em></span> 
     </span>
    </p>
   </div>
   <div class='ocr_carea' id='block_1_2' title="bbox 247 488 2867 4553">
    <p class='ocr_par' dir='ltr' id='par_1_2' title="bbox 247 488 2867 3611">
     <span class='ocr_line' id='line_1_2' title="bbox 269 488 2864 582; baseline 0.004 -32"><span class='ocrx_word' id='word_1_2' title='bbox 269 488 410 550; x_wconf 88' lang='lat' dir='ltr'><em>viae</em></span> <span class='ocrx_word' id='word_1_3' title='bbox 445 492 896 573; x_wconf 87' lang='lat' dir='ltr'><em>praemuniti0‚</em></span> <span class='ocrx_word' id='word_1_4' title='bbox 946 515 1072 576; x_wconf 87' lang='lat' dir='ltr'><em>qua</em></span> <span class='ocrx_word' id='word_1_5' title='bbox 1116 492 1203 556; x_wconf 88' lang='lat' dir='ltr'><em>ad</em></span> <span class='ocrx_word' id='word_1_6' title='bbox 1227 493 1468 557; x_wconf 84' lang='lat' dir='ltr'><em>altiora</em></span> <span class='ocrx_word' id='word_1_7' title='bbox 1499 494 1855 581; x_wconf 61' lang='lat' dir='ltr'><em>eci-peditius</em></span> <span class='ocrx_word' id='word_1_8' title='bbox 1881 506 2185 580; x_wconf 80' lang='lat' dir='ltr'><em>petamus.</em></span> <span class='ocrx_word' id='word_1_9' title='bbox 2236 495 2529 558; x_wconf 79' lang='lat' dir='ltr'><strong><em>Attamen</em></strong></span> <span class='ocrx_word' id='word_1_10' title='bbox 2562 506 2725 559; x_wconf 88' lang='lat' dir='ltr'><em>totus</em></span> <span class='ocrx_word' id='word_1_11' title='bbox 2759 519 2864 582; x_wconf 79' lang='lat' dir='ltr'><em>eqo</em></span> 
     </span>
     <span class='ocr_line' id='line_1_3' title="bbox 266 592 2866 684; baseline 0.003 -29"><span class='ocrx_word' id='word_1_12' title='bbox 266 593 335 655; x_wconf 87' lang='lat' dir='ltr'><em>in</em></span> <span class='ocrx_word' id='word_1_13' title='bbox 367 592 733 658; x_wconf 86' lang='lat' dir='ltr'><em>lectionibus</em></span> <span class='ocrx_word' id='word_1_14' title='bbox 771 596 1042 681; x_wconf 65' lang='lat' dir='ltr'><em>singulis</em></span> <span class='ocrx_word' id='word_1_15' title='bbox 1081 599 1562 682; x_wconf 76' lang='lat' dir='ltr'><em>perscrutandis</em></span> <span class='ocrx_word' id='word_1_16' title='bbox 1615 600 2053 684; x_wconf 76' lang='lat' dir='ltr'><em>componendis</em></span> <span class='ocrx_word' id='word_1_17' title='bbox 2084 600 2544 680; x_wconf 82' lang='lat' dir='ltr'><em>diiudicandis,</em></span> <span class='ocrx_word' id='word_1_18' title='bbox 2594 611 2757 664; x_wconf 85' lang='lat' dir='ltr'><em>totus</em></span> <span class='ocrx_word' id='word_1_19' title='bbox 2797 604 2866 665; x_wconf 87' lang='lat' dir='ltr'><em>·in</em></span> 
     </span>
     <span class='ocr_line' id='line_1_4' title="bbox 264 699 2861 790; baseline 0.003 -30"><span class='ocrx_word' id='word_1_20' title='bbox 264 699 684 761; x_wconf 79' lang='lat' dir='ltr'><em>minutiarum</em></span> <span class='ocrx_word' id='word_1_21' title='bbox 727 702 1204 766; x_wconf 63' lang='lat' dir='ltr'><em>minutissimis:</em></span> <span class='ocrx_word' id='word_1_22' title='bbox 1263 703 1516 766; x_wconf 87' lang='lat' dir='ltr'><em>studens</em></span> <span class='ocrx_word' id='word_1_23' title='bbox 1561 705 1763 790; x_wconf 73' lang='lat' dir='ltr'><em>iqitur</em></span> <span class='ocrx_word' id='word_1_24' title='bbox 1822 703 1986 788; x_wconf 88' lang='lat' dir='ltr'><em>quod</em></span> <span class='ocrx_word' id='word_1_25' title='bbox 2042 707 2108 768; x_wconf 89' lang='lat' dir='ltr'><em>in</em></span> <span class='ocrx_word' id='word_1_26' title='bbox 2142 714 2455 789; x_wconf 86' lang='lat' dir='ltr'><em>promptu</em></span> <span class='ocrx_word' id='word_1_27' title='bbox 2501 714 2590 767; x_wconf 90' lang='lat' dir='ltr'><em>est</em></span> <span class='ocrx_word' id='word_1_28' title='bbox 2636 728 2861 789; x_wconf 77' lang='lat' dir='ltr'><em>oppro-</em></span> 
     </span>
     <span class='ocr_line' id='line_1_5' title="bbox 267 801 2867 894; baseline 0.003 -32"><span class='ocrx_word' id='word_1_29' title='bbox 267 801 472 865; x_wconf 85' lang='lat' dir='ltr'><em>brium</em></span> <span class='ocrx_word' id='word_1_30' title='bbox 517 826 732 866; x_wconf 82' lang='lat' dir='ltr'><em>cavere</em></span> <span class='ocrx_word' id='word_1_31' title='bbox 753 828 1006 889; x_wconf 88' lang='lat' dir='ltr'><em>paucas</em></span> <span class='ocrx_word' id='word_1_32' title='bbox 1039 808 1551 892; x_wconf 76' lang='lat' dir='ltr'><em>playulas·curis</em></span> <span class='ocrx_word' id='word_1_33' title='bbox 1591 810 1834 872; x_wconf 86' lang='lat' dir='ltr'><em>criticis</em></span> <span class='ocrx_word' id='word_1_34' title='bbox 1861 808 2309 894; x_wconf 71' lang='lat' dir='ltr'><em>praefiyendas</em></span> <span class='ocrx_word' id='word_1_35' title='bbox 2347 811 2587 889; x_wconf 86' lang='lat' dir='ltr'><em>curavi,</em></span> <span class='ocrx_word' id='word_1_36' title='bbox 2642 809 2867 892; x_wconf 87' lang='lat' dir='ltr'><em>quibus</em></span> 
     </span>
     <span class='ocr_line' id='line_1_6' title="bbox 267 907 2861 997; baseline 0.003 -30"><span class='ocrx_word' id='word_1_37' title='bbox 267 907 422 990; x_wconf 88' lang='lat' dir='ltr'><em>quid</em></span> <span class='ocrx_word' id='word_1_38' title='bbox 468 910 534 970; x_wconf 86' lang='lat' dir='ltr'><em>in</em></span> <span class='ocrx_word' id='word_1_39' title='bbox 579 911 938 972; x_wconf 87' lang='lat' dir='ltr'><em>universum</em></span> <span class='ocrx_word' id='word_1_40' title='bbox 981 911 1056 973; x_wconf 90' lang='lat' dir='ltr'><em>de</em></span> <span class='ocrx_word' id='word_1_41' title='bbox 1101 913 1240 997; x_wconf 88' lang='lat' dir='ltr'><em>ipso</em></span> <span class='ocrx_word' id='word_1_42' title='bbox 1286 913 1563 976; x_wconf 85' lang='lat' dir='ltr'><em>Isocrate</em></span> <span class='ocrx_word' id='word_1_43' title='bbox 1609 913 1685 976; x_wconf 88' lang='lat' dir='ltr'><em>de</em></span> <span class='ocrx_word' id='word_1_44' title='bbox 1732 915 1982 997; x_wconf 86' lang='lat' dir='ltr'><em>eiusque</em></span> <span class='ocrx_word' id='word_1_45' title='bbox 2012 915 2147 976; x_wconf 87' lang='lat' dir='ltr'><em>vita</em></span> <span class='ocrx_word' id='word_1_46' title='bbox 2178 924 2245 976; x_wconf 86' lang='lat' dir='ltr'><em>et·</em></span> <span class='ocrx_word' id='word_1_47' title='bbox 2266 915 2526 997; x_wconf 87' lang='lat' dir='ltr'><em>scriptis</em></span> <span class='ocrx_word' id='word_1_48' title='bbox 2570 916 2861 977; x_wconf 77' lang='lat' dir='ltr'><em>sentirem</em></span> 
     </span>
     <span class='ocr_line' id='line_1_7' title="bbox 264 1013 2865 1102; baseline 0.002 -29"><span class='ocrx_word' id='word_1_49' title='bbox 264 1013 623 1075; x_wconf 81' lang='lat' dir='ltr'><em>summatim</em></span> <span class='ocrx_word' id='word_1_50' title='bbox 669 1037 1055 1100; x_wconf 69' lang='lat' dir='ltr'><em>exponerem.</em></span> <span class='ocrx_word' id='word_1_51' title='bbox 1104 1016 1292 1080; x_wconf 87' lang='lat' dir='ltr'><em>Hanc</em></span> <span class='ocrx_word' id='word_1_52' title='bbox 1338 1019 1469 1080; x_wconf 75' lang='lat' dir='ltr'><em>iam</em></span> <span class='ocrx_word' id='word_1_53' title='bbox 1513 1019 1753 1102; x_wconf 75' lang='lat' dir='ltr'><em>respice</em></span> <span class='ocrx_word' id='word_1_54' title='bbox 1786 1018 1966 1080; x_wconf 89' lang='lat' dir='ltr'><em>illius</em></span> <span class='ocrx_word' id='word_1_55' title='bbox 1988 1019 2206 1102; x_wconf 81' lang='lat' dir='ltr'><em>partis</em></span> <span class='ocrx_word' id='word_1_56' title='bbox 2244 1028 2581 1082; x_wconf 84' lang='lat' dir='ltr'><em>naturam:</em></span> <span class='ocrx_word' id='word_1_57' title='bbox 2624 1017 2865 1080; x_wconf 82' lang='lat' dir='ltr'><em>videbis</em></span> 
     </span>
     <span class='ocr_line' id='line_1_8' title="bbox 265 1120 2861 1208; baseline 0.002 -30"><span class='ocrx_word' id='word_1_58' title='bbox 265 1139 377 1179; x_wconf 85' lang='lat' dir='ltr'><em>cur</em></span> <span class='ocrx_word' id='word_1_59' title='bbox 421 1139 558 1180; x_wconf 86' lang='lat' dir='ltr'><em>eam</em></span> <span class='ocrx_word' id='word_1_60' title='bbox 601 1120 736 1182; x_wconf 87' lang='lat' dir='ltr'><em>sine</em></span> <span class='ocrx_word' id='word_1_61' title='bbox 783 1120 967 1183; x_wconf 88' lang='lat' dir='ltr'><em>titulo</em></span> <span class='ocrx_word' id='word_1_62' title='bbox 1000 1121 1126 1206; x_wconf 75' lang='lat' dir='ltr'><em>leyi</em></span> <span class='ocrx_word' id='word_1_63' title='bbox 1153 1121 1487 1186; x_wconf 86' lang='lat' dir='ltr'><em>maluerim</em></span> <span class='ocrx_word' id='word_1_64' title='bbox 1516 1146 1703 1206; x_wconf 81' lang='lat' dir='ltr'><em>quam</em></span> <span class='ocrx_word' id='word_1_65' title='bbox 1720 1122 1944 1205; x_wconf 74' lang='lat' dir='ltr'><em>falsas</em></span> <span class='ocrx_word' id='word_1_66' title='bbox 1972 1125 2113 1208; x_wconf 91' lang='lat' dir='ltr'><em>ipso</em></span> <span class='ocrx_word' id='word_1_67' title='bbox 2144 1122 2391 1184; x_wconf 87' lang='lat' dir='ltr'><em>nomine</em></span> <span class='ocrx_word' id='word_1_68' title='bbox 2428 1144 2569 1207; x_wconf 87' lang='lat' dir='ltr'><em>spes</em></span> <span class='ocrx_word' id='word_1_69' title='bbox 2612 1123 2861 1200; x_wconf 85' lang='lat' dir='ltr'><em>moveri,</em></span> 
     </span>
     <span class='ocr_line' id='line_1_9' title="bbox 255 1225 2860 1312; baseline 0.002 -30"><span class='ocrx_word' id='word_1_70' title='bbox 255 1225 631 1306; x_wconf 83' lang='lat' dir='ltr'><em>praesertim</em></span> <span class='ocrx_word' id='word_1_71' title='bbox 677 1247 816 1286; x_wconf 88' lang='lat' dir='ltr'><em>cum</em></span> <span class='ocrx_word' id='word_1_72' title='bbox 860 1227 1146 1310; x_wconf 66' lang='lat' dir='ltr'><em>singulas</em></span> <span class='ocrx_word' id='word_1_73' title='bbox 1190 1249 1288 1289; x_wconf 81' lang='lat' dir='ltr'><em>res</em></span> <span class='ocrx_word' id='word_1_74' title='bbox 1332 1230 1583 1290; x_wconf 87' lang='lat' dir='ltr'><em>minime</em></span> <span class='ocrx_word' id='word_1_75' title='bbox 1632 1250 1840 1291; x_wconf 88' lang='lat' dir='ltr'><em>omnes</em></span> <span class='ocrx_word' id='word_1_76' title='bbox 1894 1230 2054 1312; x_wconf 86' lang='lat' dir='ltr'><em>pari</em></span> <span class='ocrx_word' id='word_1_77' title='bbox 2114 1250 2267 1290; x_wconf 89' lang='lat' dir='ltr'><em>cura</em></span> <span class='ocrx_word' id='word_1_78' title='bbox 2312 1228 2860 1311; x_wconf 80' lang='lat' dir='ltr'><em>pertractaverim‚</em></span> 
     </span>
     <span class='ocr_line' id='line_1_10' title="bbox 266 1329 2861 1417; baseline 0.003 -32"><span class='ocrx_word' id='word_1_79' title='bbox 266 1338 643 1410; x_wconf 81' lang='lat' dir='ltr'><em>aspernatus</em></span> <span class='ocrx_word' id='word_1_80' title='bbox 675 1329 822 1413; x_wconf 78' lang='lat' dir='ltr'><em>fere</em></span> <span class='ocrx_word' id='word_1_81' title='bbox 866 1342 1050 1394; x_wconf 84' lang='lat' dir='ltr'><em>notas</em></span> <span class='ocrx_word' id='word_1_82' title='bbox 1096 1331 1191 1394; x_wconf 87' lang='lat' dir='ltr'><em>vel</em></span> <span class='ocrx_word' id='word_1_83' title='bbox 1235 1331 1310 1394; x_wconf 90' lang='lat' dir='ltr'><em>de</em></span> <span class='ocrx_word' id='word_1_84' title='bbox 1354 1331 1580 1417; x_wconf 79' lang='lat' dir='ltr'><em>quibus</em></span> <span class='ocrx_word' id='word_1_85' title='bbox 1611 1329 1779 1396; x_wconf 58' lang='lat' dir='ltr'><em>‘inter</em></span> <span class='ocrx_word' id='word_1_86' title='bbox 1806 1335 1975 1396; x_wconf 86' lang='lat' dir='ltr'><em>viros</em></span> <span class='ocrx_word' id='word_1_87' title='bbox 2008 1333 2218 1394; x_wconf 78' lang='lat' dir='ltr'><em>doctos</em></span> <span class='ocrx_word' id='word_1_88' title='bbox 2258 1341 2514 1412; x_wconf 86' lang='lat' dir='ltr'><em>constat,</em></span> <span class='ocrx_word' id='word_1_89' title='bbox 2565 1353 2861 1392; x_wconf 88' lang='lat' dir='ltr'><em>commen-</em></span> 
     </span>
     <span class='ocr_line' id='line_1_11' title="bbox 266 1433 2864 1521; baseline 0.002 -29"><span class='ocrx_word' id='word_1_90' title='bbox 266 1439 439 1494; x_wconf 83' lang='lat' dir='ltr'><em>tatus</em></span> <span class='ocrx_word' id='word_1_91' title='bbox 485 1436 849 1496; x_wconf 78' lang='lat' dir='ltr'><em>accuratius</em></span> <span class='ocrx_word' id='word_1_92' title='bbox 893 1435 968 1497; x_wconf 91' lang='lat' dir='ltr'><em>de</em></span> <span class='ocrx_word' id='word_1_93' title='bbox 1015 1434 1240 1520; x_wconf 84' lang='lat' dir='ltr'><em>quibus</em></span> <span class='ocrx_word' id='word_1_94' title='bbox 1285 1436 1469 1499; x_wconf 85' lang='lat' dir='ltr'><em>aliud</em></span> <span class='ocrx_word' id='word_1_95' title='bbox 1514 1447 1705 1521; x_wconf 77' lang='lat' dir='ltr'><em>atque</em></span> <span class='ocrx_word' id='word_1_96' title='bbox 1747 1439 1959 1500; x_wconf 86' lang='lat' dir='ltr'><em>&#39;ceteris</em></span> <span class='ocrx_word' id='word_1_97' title='bbox 2002 1437 2164 1498; x_wconf 68' lang='lat' dir='ltr'><em>mih—z·</em></span> <span class='ocrx_word' id='word_1_98' title='bbox 2192 1435 2500 1498; x_wconf 82' lang='lat' dir='ltr'><em>iudicium</em></span> <span class='ocrx_word' id='word_1_99' title='bbox 2530 1433 2864 1499; x_wconf 86' lang='lat' dir='ltr'><em>videbat-ur</em></span> 
     </span>
     <span class='ocr_line' id='line_1_12' title="bbox 263 1536 2862 1624; baseline 0.002 -28"><span class='ocrx_word' id='word_1_100' title='bbox 263 1536 592 1616; x_wconf 80' lang='lat' dir='ltr'><em>ferendum</em></span> <span class='ocrx_word' id='word_1_101' title='bbox 643 1561 786 1604; x_wconf 82' lang='lat' dir='ltr'><em>esse.</em></span> <span class='ocrx_word' id='word_1_102' title='bbox 833 1539 1049 1624; x_wconf 90' lang='lat' dir='ltr'><em>Neque</em></span> <span class='ocrx_word' id='word_1_103' title='bbox 1095 1542 1286 1602; x_wconf 84' lang='lat' dir='ltr'><em>etiam</em></span> <span class='ocrx_word' id='word_1_104' title='bbox 1331 1540 1637 1603; x_wconf 89' lang='lat' dir='ltr'><em>simulata</em></span> <span class='ocrx_word' id='word_1_105' title='bbox 1682 1543 1949 1604; x_wconf 88' lang='lat' dir='ltr'><em>scientia</em></span> <span class='ocrx_word' id='word_1_106' title='bbox 1982 1550 2232 1602; x_wconf 87' lang='lat' dir='ltr'><em>cunctos</em></span> <span class='ocrx_word' id='word_1_107' title='bbox 2262 1539 2606 1602; x_wconf 85' lang='lat' dir='ltr'><em>vilissimae</em></span> <span class='ocrx_word' id='word_1_108' title='bbox 2654 1540 2862 1602; x_wconf 80' lang='lat' dir='ltr'><em>cuius-</em></span> 
     </span>
     <span class='ocr_line' id='line_1_13' title="bbox 265 1643 2860 1730; baseline 0 -28"><span class='ocrx_word' id='word_1_109' title='bbox 265 1644 520 1724; x_wconf 72' lang='lat' dir='ltr'><em>querei</em></span> <span class='ocrx_word' id='word_1_110' title='bbox 565 1653 740 1704; x_wconf 87' lang='lat' dir='ltr'><em>testes</em></span> <span class='ocrx_word' id='word_1_111' title='bbox 808 1643 1017 1724; x_wconf 82' lang='lat' dir='ltr'><em>attuli,</em></span> <span class='ocrx_word' id='word_1_112' title='bbox 1080 1644 1187 1706; x_wconf 89' lang='lat' dir='ltr'><em>sed</em></span> <span class='ocrx_word' id='word_1_113' title='bbox 1243 1645 1459 1707; x_wconf 83' lang='lat' dir='ltr'><em>dedita</em></span> <span class='ocrx_word' id='word_1_114' title='bbox 1515 1667 1707 1730; x_wconf 89' lang='lat' dir='ltr'><em>opera</em></span> <span class='ocrx_word' id='word_1_115' title='bbox 1763 1646 2002 1708; x_wconf 77' lang='lat' dir='ltr'><em>transii</em></span> <span class='ocrx_word' id='word_1_116' title='bbox 2044 1643 2294 1708; x_wconf 86' lang='lat' dir='ltr'><em>silentio</em></span> <span class='ocrx_word' id='word_1_117' title='bbox 2340 1665 2499 1727; x_wconf 88' lang='lat' dir='ltr'><em>quae</em></span> <span class='ocrx_word' id='word_1_118' title='bbox 2529 1643 2860 1728; x_wconf 86' lang='lat' dir='ltr'><em>facillimo</em></span> 
     </span>
     <span class='ocr_line' id='line_1_14' title="bbox 265 1736 2857 1832; baseline 0.001 -26"><span class='ocrx_word' id='word_1_119' title='bbox 265 1736 509 1827; x_wconf 62' lang='lat' dir='ltr'><em>nessotio</em></span> <span class='ocrx_word' id='word_1_120' title='bbox 557 1768 586 1808; x_wconf 92' lang='lat' dir='ltr'><em>e</em></span> <span class='ocrx_word' id='word_1_121' title='bbox 631 1746 939 1810; x_wconf 85' lang='lat' dir='ltr'><em>volumine</em></span> <span class='ocrx_word' id='word_1_122' title='bbox 986 1749 1184 1811; x_wconf 86' lang='lat' dir='ltr'><em>altero</em></span> <span class='ocrx_word' id='word_1_123' title='bbox 1231 1749 1705 1831; x_wconf 76' lang='lat' dir='ltr'><em>diliyentissimi</em></span> <span class='ocrx_word' id='word_1_124' title='bbox 1759 1751 1966 1832; x_wconf 82' lang='lat' dir='ltr'><em>operis</em></span> <span class='ocrx_word' id='word_1_125' title='bbox 2011 1747 2349 1810; x_wconf 74' lang='lat' dir='ltr'><em>Blassiani</em></span> <span class='ocrx_word' id='word_1_126' title='bbox 2402 1740 2533 1810; x_wconf 79' lang='lat' dir='ltr'><em>‘die</em></span> <span class='ocrx_word' id='word_1_127' title='bbox 2577 1747 2857 1810; x_wconf 78' lang='lat' dir='ltr'><em>Attische</em></span> 
     </span>
     <span class='ocr_line' id='line_1_15' title="bbox 267 1845 2854 1938; baseline 0.001 -28"><span class='ocrx_word' id='word_1_128' title='bbox 267 1845 750 1915; x_wconf 77' lang='lat' dir='ltr'><em>Beredsamkeit³</em></span> <span class='ocrx_word' id='word_1_129' title='bbox 807 1853 896 1915; x_wconf 80' lang='lat' dir='ltr'><em>vel</em></span> <span class='ocrx_word' id='word_1_130' title='bbox 923 1876 967 1914; x_wconf 89' lang='lat' dir='ltr'><em>a</em></span> <span class='ocrx_word' id='word_1_131' title='bbox 999 1854 1307 1916; x_wconf 80' lang='lat' dir='ltr'><em>tironibus</em></span> <span class='ocrx_word' id='word_1_132' title='bbox 1336 1856 1534 1938; x_wconf 86' lang='lat' dir='ltr'><em>repeti</em></span> <span class='ocrx_word' id='word_1_133' title='bbox 1555 1865 1861 1938; x_wconf 79' lang='lat' dir='ltr'><em>possunt:</em></span> <span class='ocrx_word' id='word_1_134' title='bbox 1908 1877 2045 1916; x_wconf 90' lang='lat' dir='ltr'><em>cum</em></span> <span class='ocrx_word' id='word_1_135' title='bbox 2065 1852 2425 1938; x_wconf 84' lang='lat' dir='ltr'><em>pulvisculo</em></span> <span class='ocrx_word' id='word_1_136' title='bbox 2472 1854 2682 1916; x_wconf 89' lang='lat' dir='ltr'><em>omnia</em></span> <span class='ocrx_word' id='word_1_137' title='bbox 2714 1875 2854 1914; x_wconf 86' lang='lat' dir='ltr'><em>con-</em></span> 
     </span>
     <span class='ocr_line' id='line_1_16' title="bbox 263 1954 2863 2045; baseline 0.001 -31"><span class='ocrx_word' id='word_1_138' title='bbox 263 1975 504 2017; x_wconf 79' lang='lat' dir='ltr'><em>verrere</em></span> <span class='ocrx_word' id='word_1_139' title='bbox 549 1978 747 2018; x_wconf 88' lang='lat' dir='ltr'><em>meum</em></span> <span class='ocrx_word' id='word_1_140' title='bbox 780 1967 916 2019; x_wconf 77' lang='lat' dir='ltr'><em>&#39;non</em></span> <span class='ocrx_word' id='word_1_141' title='bbox 959 1969 1114 2039; x_wconf 85' lang='lat' dir='ltr'><em>erat,</em></span> <span class='ocrx_word' id='word_1_142' title='bbox 1163 1983 1300 2020; x_wconf 90' lang='lat' dir='ltr'><em>cum</em></span> <span class='ocrx_word' id='word_1_143' title='bbox 1335 1959 1799 2044; x_wconf 76' lang='lat' dir='ltr'><em>praeluderem,</em></span> <span class='ocrx_word' id='word_1_144' title='bbox 1843 1970 1914 2021; x_wconf 80' lang='lat' dir='ltr'><em>ut</em></span> <span class='ocrx_word' id='word_1_145' title='bbox 1960 1967 2435 2045; x_wconf 84' lang='lat' dir='ltr'><em>praeverterem.</em></span> <span class='ocrx_word' id='word_1_146' title='bbox 2480 1993 2569 2003; x_wconf 93' lang='lat'><em>——</em></span> <span class='ocrx_word' id='word_1_147' title='bbox 2613 1954 2739 2018; x_wconf 84' lang='lat' dir='ltr'><em>Sed</em></span> <span class='ocrx_word' id='word_1_148' title='bbox 2793 1958 2863 2018; x_wconf 89' lang='lat' dir='ltr'><em>in</em></span> 
     </span>
     <span class='ocr_line' id='line_1_17' title="bbox 254 2059 2857 2148; baseline 0 -29"><span class='ocrx_word' id='word_1_149' title='bbox 254 2060 536 2142; x_wconf 80' lang='lat' dir='ltr'><em>primum</em></span> <span class='ocrx_word' id='word_1_150' title='bbox 582 2082 820 2145; x_wconf 82' lang='lat' dir='ltr'><em>quoque</em></span> <span class='ocrx_word' id='word_1_151' title='bbox 868 2074 1060 2146; x_wconf 87' lang='lat' dir='ltr'><em>caput</em></span> <span class='ocrx_word' id='word_1_152' title='bbox 1106 2063 1412 2148; x_wconf 83' lang='lat' dir='ltr'><em>quaedam</em></span> <span class='ocrx_word' id='word_1_153' title='bbox 1448 2075 1792 2148; x_wconf 88' lang='lat' dir='ltr'><em>propterea</em></span> <span class='ocrx_word' id='word_1_154' title='bbox 1841 2086 2070 2127; x_wconf 89' lang='lat' dir='ltr'><em>necesse</em></span> <span class='ocrx_word' id='word_1_155' title='bbox 2125 2059 2659 2140; x_wconf 63' lang='lat' dir='ltr'><em>animadvertere,</em></span> <span class='ocrx_word' id='word_1_156' title='bbox 2704 2061 2857 2144; x_wconf 90' lang='lat' dir='ltr'><em>quia</em></span> 
     </span>
     <span class='ocr_line' id='line_1_18' title="bbox 265 2161 2861 2251; baseline 0.002 -28"><span class='ocrx_word' id='word_1_157' title='bbox 265 2161 660 2227; x_wconf 82' lang='lat' dir='ltr'><em>doctissimus</em></span> <span class='ocrx_word' id='word_1_158' title='bbox 715 2169 975 2251; x_wconf 88' lang='lat' dir='ltr'><em>quisque</em></span> <span class='ocrx_word' id='word_1_159' title='bbox 1033 2190 1268 2230; x_wconf 86' lang='lat' dir='ltr'><em>summo</em></span> <span class='ocrx_word' id='word_1_160' title='bbox 1329 2171 1464 2232; x_wconf 85' lang='lat' dir='ltr'><em>iure</em></span> <span class='ocrx_word' id='word_1_161' title='bbox 1527 2169 1709 2232; x_wconf 78' lang='lat' dir='ltr'><em>valde</em></span> <span class='ocrx_word' id='word_1_162' title='bbox 1767 2170 1925 2232; x_wconf 80' lang='lat' dir='ltr'><em>mihi</em></span> <span class='ocrx_word' id='word_1_163' title='bbox 1969 2168 2215 2232; x_wconf 84' lang='lat' dir='ltr'><em>videtur</em></span> <span class='ocrx_word' id='word_1_164' title='bbox 2256 2188 2435 2250; x_wconf 87' lang='lat' dir='ltr'><em>posse</em></span> <span class='ocrx_word' id='word_1_165' title='bbox 2496 2167 2725 2245; x_wconf 83' lang='lat' dir='ltr'><em>timere,</em></span> <span class='ocrx_word' id='word_1_166' title='bbox 2787 2187 2861 2225; x_wconf 85' lang='lat' dir='ltr'><em>ne</em></span> 
     </span>
     <span class='ocr_line' id='line_1_19' title="bbox 261 2267 2859 2355; baseline 0.001 -27"><span class='ocrx_word' id='word_1_167' title='bbox 261 2268 346 2330; x_wconf 89' lang='lat' dir='ltr'><em>sit</em></span> <span class='ocrx_word' id='word_1_168' title='bbox 389 2291 614 2332; x_wconf 85' lang='lat' dir='ltr'><em>munus</em></span> <span class='ocrx_word' id='word_1_169' title='bbox 660 2271 1071 2355; x_wconf 77' lang='lat' dir='ltr'><em>conquirendi</em></span> <span class='ocrx_word' id='word_1_170' title='bbox 1129 2272 1294 2335; x_wconf 85' lang='lat' dir='ltr'><em>locos</em></span> <span class='ocrx_word' id='word_1_171' title='bbox 1337 2274 1682 2335; x_wconf 88' lang='lat' dir='ltr'><em>Isocrateos</em></span> <span class='ocrx_word' id='word_1_172' title='bbox 1741 2297 1818 2335; x_wconf 78' lang='lat' dir='ltr'><em>eoe</em></span> <span class='ocrx_word' id='word_1_173' title='bbox 1880 2284 2146 2336; x_wconf 88' lang='lat' dir='ltr'><em>veterum</em></span> <span class='ocrx_word' id='word_1_174' title='bbox 2208 2272 2411 2336; x_wconf 87' lang='lat' dir='ltr'><em>literis</em></span> <span class='ocrx_word' id='word_1_175' title='bbox 2458 2269 2633 2353; x_wconf 77' lang='lat' dir='ltr'><em>lonqe</em></span> <span class='ocrx_word' id='word_1_176' title='bbox 2680 2267 2859 2352; x_wconf 83' lang='lat' dir='ltr'><em>diffi-</em></span> 
     </span>
     <span class='ocr_line' id='line_1_20' title="bbox 265 2359 2862 2461; baseline 0.001 -29"><span class='ocrx_word' id='word_1_177' title='bbox 265 2373 469 2453; x_wconf 77' lang='lat' dir='ltr'><em>cilius,</em></span> <span class='ocrx_word' id='word_1_178' title='bbox 520 2397 706 2457; x_wconf 82' lang='lat' dir='ltr'><em>quam.</em></span> <span class='ocrx_word' id='word_1_179' title='bbox 746 2376 913 2458; x_wconf 82' lang='lat' dir='ltr'><em>quod</em></span> <span class='ocrx_word' id='word_1_180' title='bbox 959 2387 1104 2459; x_wconf 76' lang='lat' dir='ltr'><em>apte</em></span> <span class='ocrx_word' id='word_1_181' title='bbox 1151 2377 1231 2438; x_wconf 89' lang='lat' dir='ltr'><em>ab</em></span> <span class='ocrx_word' id='word_1_182' title='bbox 1277 2377 1665 2440; x_wconf 77' lang='lat' dir='ltr'><em>adulescente</em></span> <span class='ocrx_word' id='word_1_183' title='bbox 1696 2359 2106 2461; x_wconf 69' lang='lat' dir='ltr'><em>suscipiatur.</em></span> <span class='ocrx_word' id='word_1_184' title='bbox 2162 2374 2320 2449; x_wconf 82' lang='lat' dir='ltr'><em>Quis</em></span> <span class='ocrx_word' id='word_1_185' title='bbox 2350 2397 2490 2438; x_wconf 86' lang='lat' dir='ltr'><em>vero</em></span> <span class='ocrx_word' id='word_1_186' title='bbox 2524 2373 2862 2436; x_wconf 75' lang='lat' dir='ltr'><em>crediderit</em></span> 
     </span>
     <span class='ocr_line' id='line_1_21' title="bbox 263 2477 2857 2569; baseline 0.001 -31"><span class='ocrx_word' id='word_1_187' title='bbox 263 2477 372 2539; x_wconf 76' lang='lat' dir='ltr'><em>hoc</em></span> <span class='ocrx_word' id='word_1_188' title='bbox 417 2499 512 2538; x_wconf 90' lang='lat' dir='ltr'><em>me</em></span> <span class='ocrx_word' id='word_1_189' title='bbox 568 2477 715 2540; x_wconf 87' lang='lat' dir='ltr'><em>illos</em></span> <span class='ocrx_word' id='word_1_190' title='bbox 763 2491 1182 2565; x_wconf 63' lang='lat' dir='ltr'><em>congerentem</em></span> <span class='ocrx_word' id='word_1_191' title='bbox 1225 2483 1417 2567; x_wconf 84' lang='lat' dir='ltr'><em>plane</em></span> <span class='ocrx_word' id='word_1_192' title='bbox 1458 2483 1710 2569; x_wconf 64' lang='lat' dir='ltr'><em>fugisse</em></span> <span class='ocrx_word' id='word_1_193' title='bbox 1752 2492 1865 2544; x_wconf 89' lang='lat' dir='ltr'><em>aut</em></span> <span class='ocrx_word' id='word_1_194' title='bbox 1911 2482 2213 2561; x_wconf 75' lang='lat' dir='ltr'><em>conqestis</em></span> <span class='ocrx_word' id='word_1_195' title='bbox 2274 2481 2359 2542; x_wconf 88' lang='lat' dir='ltr'><em>iis</em></span> <span class='ocrx_word' id='word_1_196' title='bbox 2396 2501 2471 2540; x_wconf 87' lang='lat' dir='ltr'><em>ne</em></span> <span class='ocrx_word' id='word_1_197' title='bbox 2522 2478 2857 2539; x_wconf 81' lang='lat' dir='ltr'><em>omisissem</em></span> 
     </span>
     <span class='ocr_line' id='line_1_22' title="bbox 260 2584 2859 2673; baseline -0 -30"><span class='ocrx_word' id='word_1_198' title='bbox 260 2584 458 2662; x_wconf 83' lang='lat' dir='ltr'><em>multa</em></span> <span class='ocrx_word' id='word_1_199' title='bbox 529 2586 776 2648; x_wconf 85' lang='lat' dir='ltr'><em>omnino</em></span> <span class='ocrx_word' id='word_1_200' title='bbox 843 2591 1108 2665; x_wconf 79' lang='lat' dir='ltr'><em>veritum</em></span> <span class='ocrx_word' id='word_1_201' title='bbox 1175 2611 1299 2652; x_wconf 87' lang='lat' dir='ltr'><em>non</em></span> <span class='ocrx_word' id='word_1_202' title='bbox 1364 2589 1534 2653; x_wconf 63' lang='lat' dir='ltr'><em>esse?2</em></span> <span class='ocrx_word' id='word_1_203' title='bbox 1562 2628 1582 2642; x_wconf 78' lang='lat'><em>·‹</em></span> <span class='ocrx_word' id='word_1_204' title='bbox 1624 2590 1709 2651; x_wconf 88' lang='lat' dir='ltr'><em>Et</em></span> <span class='ocrx_word' id='word_1_205' title='bbox 1769 2590 1905 2673; x_wconf 83' lang='lat' dir='ltr'><em>ipse</em></span> <span class='ocrx_word' id='word_1_206' title='bbox 1964 2588 2122 2650; x_wconf 81' lang='lat' dir='ltr'><em>mihi</em></span> <span class='ocrx_word' id='word_1_207' title='bbox 2168 2596 2362 2648; x_wconf 82' lang='lat' dir='ltr'><em>certos</em></span> <span class='ocrx_word' id='word_1_208' title='bbox 2418 2584 2859 2645; x_wconf 82' lang='lat' dir='ltr'><em>constitueram</em></span> 
     </span>
     <span class='ocr_line' id='line_1_23' title="bbox 247 2686 2855 2778; baseline -0.001 -29"><span class='ocrx_word' id='word_1_209' title='bbox 247 2687 434 2769; x_wconf 84' lang='lat' dir='ltr'><em>fines,</em></span> <span class='ocrx_word' id='word_1_210' title='bbox 482 2691 660 2751; x_wconf 88' lang='lat' dir='ltr'><em>intra</em></span> <span class='ocrx_word' id='word_1_211' title='bbox 705 2712 856 2773; x_wconf 87' lang='lat' dir='ltr'><em>quos</em></span> <span class='ocrx_word' id='word_1_212' title='bbox 903 2686 1306 2776; x_wconf 84' lang='lat' dir='ltr'><em>aliquatenus</em></span> <span class='ocrx_word' id='word_1_213' title='bbox 1359 2695 1524 2756; x_wconf 85' lang='lat' dir='ltr'><em>vires</em></span> <span class='ocrx_word' id='word_1_214' title='bbox 1582 2694 1759 2778; x_wconf 85' lang='lat' dir='ltr'><em>operi</em></span> <span class='ocrx_word' id='word_1_215' title='bbox 1811 2691 2274 2777; x_wconf 77' lang='lat' dir='ltr'><em>responderent,</em></span> <span class='ocrx_word' id='word_1_216' title='bbox 2336 2710 2552 2772; x_wconf 88' lang='lat' dir='ltr'><em>eosque</em></span> <span class='ocrx_word' id='word_1_217' title='bbox 2614 2696 2855 2749; x_wconf 84' lang='lat' dir='ltr'><em>tantum</em></span> 
     </span>
     <span class='ocr_line' id='line_1_24' title="bbox 263 2791 2856 2882; baseline -0.001 -28"><span class='ocrx_word' id='word_1_218' title='bbox 263 2792 425 2854; x_wconf 86' lang='lat' dir='ltr'><em>locos</em></span> <span class='ocrx_word' id='word_1_219' title='bbox 469 2796 691 2877; x_wconf 80' lang='lat' dir='ltr'><em>recepi,</em></span> <span class='ocrx_word' id='word_1_220' title='bbox 752 2796 979 2879; x_wconf 86' lang='lat' dir='ltr'><em>quibus</em></span> <span class='ocrx_word' id='word_1_221' title='bbox 1025 2799 1173 2882; x_wconf 86' lang='lat' dir='ltr'><em>ipsa</em></span> <span class='ocrx_word' id='word_1_222' title='bbox 1234 2800 1510 2861; x_wconf 84' lang='lat' dir='ltr'><em>oratoris</em></span> <span class='ocrx_word' id='word_1_223' title='bbox 1569 2796 1759 2868; x_wconf 73' lang='lat' dir='ltr'><em>verba</em></span> <span class='ocrx_word' id='word_1_224' title='bbox 1821 2794 2459 2880; x_wconf 80' lang='lat' dir='ltr'><em>comprehenduntur;</em></span> <span class='ocrx_word' id='word_1_225' title='bbox 2518 2814 2669 2853; x_wconf 87' lang='lat' dir='ltr'><em>nam</em></span> <span class='ocrx_word' id='word_1_226' title='bbox 2713 2791 2856 2853; x_wconf 87' lang='lat' dir='ltr'><em>imi-</em></span> 
     </span>
     <span class='ocr_line' id='line_1_25' title="bbox 263 2896 2856 2987; baseline -0.001 -30"><span class='ocrx_word' id='word_1_227' title='bbox 263 2898 574 2959; x_wconf 83' lang='lat' dir='ltr'><em>tationum</em></span> <span class='ocrx_word' id='word_1_228' title='bbox 621 2899 853 2982; x_wconf 74' lang='lat' dir='ltr'><em>&#39;qnoque</em></span> <span class='ocrx_word' id='word_1_229' title='bbox 884 2902 1344 2964; x_wconf 83' lang='lat' dir='ltr'><em>Isocratearum</em></span> <span class='ocrx_word' id='word_1_230' title='bbox 1386 2925 1577 2987; x_wconf 64' lang='lat' dir='ltr'><em>genus</em></span> <span class='ocrx_word' id='word_1_231' title='bbox 1612 2902 1916 2965; x_wconf 86' lang='lat' dir='ltr'><em>latissime</em></span> <span class='ocrx_word' id='word_1_232' title='bbox 1938 2910 2168 2985; x_wconf 75' lang='lat' dir='ltr'><em>potens</em></span> <span class='ocrx_word' id='word_1_233' title='bbox 2214 2898 2626 2960; x_wconf 68' lang='lat' dir='ltr'><em>ecc-seriorum</em></span> <span class='ocrx_word' id='word_1_234' title='bbox 2656 2896 2856 2975; x_wconf 76' lang='lat' dir='ltr'><em>scrip-</em></span> 
     </span>
     <span class='ocr_line' id='line_1_26' title="bbox 261 2998 2859 3091; baseline -0.001 -30"><span class='ocrx_word' id='word_1_235' title='bbox 261 3010 462 3063; x_wconf 82' lang='lat' dir='ltr'><em>torum</em></span> <span class='ocrx_word' id='word_1_236' title='bbox 545 3002 863 3087; x_wconf 80' lang='lat' dir='ltr'><em>relliquiis</em></span> <span class='ocrx_word' id='word_1_237' title='bbox 947 3006 1267 3067; x_wconf 83' lang='lat' dir='ltr'><em>enucleari</em></span> <span class='ocrx_word' id='word_1_238' title='bbox 1343 3016 1402 3067; x_wconf 89' lang='lat' dir='ltr'><em>et</em></span> <span class='ocrx_word' id='word_1_239' title='bbox 1477 3006 1765 3091; x_wconf 76' lang='lat' dir='ltr'><em>colliyere</em></span> <span class='ocrx_word' id='word_1_240' title='bbox 1836 3029 1921 3088; x_wconf 70' lang='lat' dir='ltr'><em>pv</em></span> <span class='ocrx_word' id='word_1_241' title='bbox 1924 3005 2026 3090; x_wconf 79' lang='lat' dir='ltr'><em>Of‘</em></span> <span class='ocrx_word' id='word_1_242' title='bbox 2030 3015 2123 3066; x_wconf 86' lang='lat' dir='ltr'><em>cto</em></span> <span class='ocrx_word' id='word_1_243' title='bbox 2198 3024 2421 3065; x_wconf 87' lang='lat' dir='ltr'><em>munus</em></span> <span class='ocrx_word' id='word_1_244' title='bbox 2496 3008 2634 3063; x_wconf 88' lang='lat' dir='ltr'><em>erat</em></span> <span class='ocrx_word' id='word_1_245' title='bbox 2707 2998 2859 3060; x_wconf 89' lang='lat' dir='ltr'><em>meis</em></span> 
     </span>
     <span class='ocr_line' id='line_1_27' title="bbox 261 3102 2859 3199; baseline -0.002 -33"><span class='ocrx_word' id='word_1_246' title='bbox 261 3128 335 3188; x_wconf 72' lang='lat' dir='ltr'><em>qr</em></span> <span class='ocrx_word' id='word_1_247' title='bbox 339 3108 520 3169; x_wconf 75' lang='lat' dir='ltr'><em>avius</em></span> <span class='ocrx_word' id='word_1_248' title='bbox 549 3110 800 3171; x_wconf 62' lang='lat' dir='ltr'><em>umeris.</em></span> <span class='ocrx_word' id='word_1_249' title='bbox 849 3108 1145 3171; x_wconf 80' lang='lat' dir='ltr'><em>Attamen</em></span> <span class='ocrx_word' id='word_1_250' title='bbox 1178 3112 1432 3195; x_wconf 75' lang='lat' dir='ltr'><em>coynita</em></span> <span class='ocrx_word' id='word_1_251' title='bbox 1475 3112 1752 3173; x_wconf 83' lang='lat' dir='ltr'><em>muneris</em></span> <span class='ocrx_word' id='word_1_252' title='bbox 1781 3108 2165 3195; x_wconf 77' lang='lat' dir='ltr'><em>difficultate</em></span> <span class='ocrx_word' id='word_1_253' title='bbox 2204 3109 2275 3169; x_wconf 79' lang='lat' dir='ltr'><em>in</em></span> <span class='ocrx_word' id='word_1_254' title='bbox 2308 3103 2570 3167; x_wconf 88' lang='lat' dir='ltr'><em>consilio</em></span> <span class='ocrx_word' id='word_1_255' title='bbox 2594 3102 2859 3199; x_wconf 79' lang='lat' dir='ltr'><em>perstiti</em></span> 
     </span>
     <span class='ocr_line' id='line_1_28' title="bbox 261 3205 2858 3299; baseline -0.003 -26"><span class='ocrx_word' id='word_1_256' title='bbox 261 3232 444 3295; x_wconf 87' lang='lat' dir='ltr'><em>eoque</em></span> <span class='ocrx_word' id='word_1_257' title='bbox 489 3212 861 3294; x_wconf 80' lang='lat' dir='ltr'><em>diliqentius</em></span> <span class='ocrx_word' id='word_1_258' title='bbox 907 3236 1052 3277; x_wconf 82' lang='lat' dir='ltr'><em>mooe</em></span> <span class='ocrx_word' id='word_1_259' title='bbox 1099 3238 1224 3277; x_wconf 84' lang='lat' dir='ltr'><em>rem</em></span> <span class='ocrx_word' id='word_1_260' title='bbox 1270 3226 1629 3299; x_wconf 83' lang='lat' dir='ltr'><em>persecutus</em></span> <span class='ocrx_word' id='word_1_261' title='bbox 1674 3238 1827 3293; x_wconf 81' lang='lat' dir='ltr'><em>sum,</em></span> <span class='ocrx_word' id='word_1_262' title='bbox 1894 3236 2011 3298; x_wconf 84' lang='lat' dir='ltr'><em>quo</em></span> <span class='ocrx_word' id='word_1_263' title='bbox 2072 3210 2451 3274; x_wconf 87' lang='lat' dir='ltr'><em>luculentius</em></span> <span class='ocrx_word' id='word_1_264' title='bbox 2487 3205 2858 3291; x_wconf 84' lang='lat' dir='ltr'><em>procedente</em></span> 
     </span>
     <span class='ocr_line' id='line_1_29' title="bbox 262 3312 2857 3403; baseline -0.003 -26"><span class='ocrx_word' id='word_1_265' title='bbox 262 3326 530 3399; x_wconf 83' lang='lat' dir='ltr'><em>tempore</em></span> <span class='ocrx_word' id='word_1_266' title='bbox 587 3314 1071 3401; x_wconf 69' lang='lat' dir='ltr'><em>petspiciebam,</em></span> <span class='ocrx_word' id='word_1_267' title='bbox 1142 3342 1265 3382; x_wconf 89' lang='lat' dir='ltr'><em>esse</em></span> <span class='ocrx_word' id='word_1_268' title='bbox 1333 3341 1491 3403; x_wconf 90' lang='lat' dir='ltr'><em>quae</em></span> <span class='ocrx_word' id='word_1_269' title='bbox 1558 3319 1848 3381; x_wconf 85' lang='lat' dir='ltr'><em>Blassius</em></span> <span class='ocrx_word' id='word_1_270' title='bbox 1915 3319 1985 3380; x_wconf 90' lang='lat' dir='ltr'><em>in</em></span> <span class='ocrx_word' id='word_1_271' title='bbox 2030 3338 2210 3379; x_wconf 88' lang='lat' dir='ltr'><em>suum</em></span> <span class='ocrx_word' id='word_1_272' title='bbox 2268 3336 2394 3377; x_wconf 90' lang='lat' dir='ltr'><em>non</em></span> <span class='ocrx_word' id='word_1_273' title='bbox 2464 3312 2857 3374; x_wconf 82' lang='lat' dir='ltr'><em>convertisset</em></span> 
     </span>
     <span class='ocr_line' id='line_1_30' title="bbox 261 3418 2858 3507; baseline -0.002 -26"><span class='ocrx_word' id='word_1_274' title='bbox 261 3420 597 3505; x_wconf 76' lang='lat' dir='ltr'><em>quibusque</em></span> <span class='ocrx_word' id='word_1_275' title='bbox 637 3424 996 3507; x_wconf 85' lang='lat' dir='ltr'><em>compositis</em></span> <span class='ocrx_word' id='word_1_276' title='bbox 1029 3423 1201 3485; x_wconf 77' lang='lat' dir='ltr'><em>haud</em></span> <span class='ocrx_word' id='word_1_277' title='bbox 1239 3424 1466 3486; x_wconf 84' lang='lat' dir='ltr'><em>inutile</em></span> <span class='ocrx_word' id='word_1_278' title='bbox 1504 3423 1999 3507; x_wconf 84' lang='lat' dir='ltr'><em>supplementum</em></span> <span class='ocrx_word' id='word_1_279' title='bbox 2032 3419 2377 3484; x_wconf 74' lang='lat' dir='ltr'><em>editionum</em></span> <span class='ocrx_word' id='word_1_280' title='bbox 2401 3418 2858 3507; x_wconf 58' lang='lat' dir='ltr'><em>isocratearum</em></span> 
     </span>
     <span class='ocr_line' id='line_1_31' title="bbox 261 3525 1399 3611; baseline 0.005 -26"><span class='ocrx_word' id='word_1_281' title='bbox 261 3547 417 3609; x_wconf 83' lang='lat' dir='ltr'><em>quae</em></span> <span class='ocrx_word' id='word_1_282' title='bbox 449 3525 762 3610; x_wconf 67' lang='lat' dir='ltr'><em>feruntm</em></span> <span class='ocrx_word' id='word_1_283' title='bbox 798 3550 1043 3611; x_wconf 84' lang='lat' dir='ltr'><em>possem</em></span> <span class='ocrx_word' id='word_1_284' title='bbox 1084 3526 1399 3611; x_wconf 84' lang='lat' dir='ltr'><em>praebere.</em></span> 
     </span>
    </p>

    <p class='ocr_par' dir='ltr' id='par_1_3' title="bbox 259 3629 2859 4553">
     <span class='ocr_line' id='line_1_32' title="bbox 473 3629 2853 3715; baseline -0.004 -24"><span class='ocrx_word' id='word_1_285' title='bbox 473 3630 554 3692; x_wconf 67' lang='grc' dir='ltr'><em>Εὐ</em></span> <span class='ocrx_word' id='word_1_286' title='bbox 616 3648 749 3693; x_wconf 85' lang='lat' dir='ltr'><em>cum</em></span> <span class='ocrx_word' id='word_1_287' title='bbox 813 3632 974 3695; x_wconf 73' lang='lat' dir='ltr'><em>hunc</em></span> <span class='ocrx_word' id='word_1_288' title='bbox 1035 3634 1106 3694; x_wconf 86' lang='lat' dir='ltr'><em>in</em></span> <span class='ocrx_word' id='word_1_289' title='bbox 1165 3655 1345 3695; x_wconf 88' lang='lat' dir='ltr'><em>usum</em></span> <span class='ocrx_word' id='word_1_290' title='bbox 1405 3632 1570 3696; x_wconf 87' lang='lat' dir='ltr'><em>locos</em></span> <span class='ocrx_word' id='word_1_291' title='bbox 1631 3633 1905 3715; x_wconf 75' lang='lat' dir='ltr'><em>undique</em></span> <span class='ocrx_word' id='word_1_292' title='bbox 1970 3629 2351 3714; x_wconf 86' lang='lat' dir='ltr'><em>conquisitos</em></span> <span class='ocrx_word' id='word_1_293' title='bbox 2413 3616 2853 3706; x_wconf 79' lang='lat' dir='ltr'><em>componerem,</em></span> 
     </span>
     <span class='ocr_line' id='line_1_33' title="bbox 260 3728 2857 3816; baseline -0.003 -23"><span class='ocrx_word' id='word_1_294' title='bbox 260 3737 606 3796; x_wconf 86' lang='lat' dir='ltr'><em>necessario</em></span> <span class='ocrx_word' id='word_1_295' title='bbox 653 3735 1097 3811; x_wconf 81' lang='lat' dir='ltr'><em>discedendum</em></span> <span class='ocrx_word' id='word_1_296' title='bbox 1154 3738 1314 3800; x_wconf 76' lang='lat' dir='ltr'><em>mihi</em></span> <span class='ocrx_word' id='word_1_297' title='bbox 1365 3748 1501 3800; x_wconf 88' lang='lat' dir='ltr'><em>erat</em></span> <span class='ocrx_word' id='word_1_298' title='bbox 1562 3760 1606 3798; x_wconf 90' lang='lat' dir='ltr'><em>a</em></span> <span class='ocrx_word' id='word_1_299' title='bbox 1656 3738 1905 3799; x_wconf 84' lang='lat' dir='ltr'><em>ratione</em></span> <span class='ocrx_word' id='word_1_300' title='bbox 1968 3733 2318 3816; x_wconf 82' lang='lat' dir='ltr'><em>ceteroquin</em></span> <span class='ocrx_word' id='word_1_301' title='bbox 2379 3728 2548 3791; x_wconf 86' lang='lat' dir='ltr'><em>omni</em></span> <span class='ocrx_word' id='word_1_302' title='bbox 2605 3747 2857 3787; x_wconf 61' lang='lat' dir='ltr'><em>numero</em></span> 
     </span>
     <span class='ocr_line' id='line_1_34' title="bbox 259 3829 2859 3927; baseline -0.003 -28"><span class='ocrx_word' id='word_1_303' title='bbox 259 3840 418 3902; x_wconf 81' lang='lat' dir='ltr'><em>mibi</em></span> <span class='ocrx_word' id='word_1_304' title='bbox 447 3838 751 3923; x_wconf 83' lang='lat' dir='ltr'><em>probata,</em></span> <span class='ocrx_word' id='word_1_305' title='bbox 802 3863 990 3923; x_wconf 85' lang='lat' dir='ltr'><em>quam</em></span> <span class='ocrx_word' id='word_1_306' title='bbox 1024 3841 1299 3904; x_wconf 61' lang='lat' dir='ltr'><em>Fullo-ius</em></span> <span class='ocrx_word' id='word_1_307' title='bbox 1344 3843 1412 3905; x_wconf 86' lang='lat' dir='ltr'><em>in</em></span> <span class='ocrx_word' id='word_1_308' title='bbox 1459 3842 1725 3927; x_wconf 50' lang='lat' dir='ltr'><em>&amp;regiis</em></span> <span class='ocrx_word' id='word_1_309' title='bbox 1785 3842 1917 3903; x_wconf 78' lang='lat' dir='ltr'><em>suis</em></span> <span class='ocrx_word' id='word_1_310' title='bbox 1972 3831 2587 3901; x_wconf 84' lang='lat' dir='ltr'><em>commentationibus</em></span> <span class='ocrx_word' id='word_1_311' title='bbox 2650 3829 2859 3891; x_wconf 71' lang='lat' dir='ltr'><em>illusei</em></span> 
     </span>
     <span class='ocr_line' id='line_1_35' title="bbox 260 3934 2853 4018; baseline -0.004 -14"><span class='ocrx_word' id='word_1_312' title='bbox 260 3944 558 4006; x_wconf 73' lang='lat' dir='ltr'><em>Itlzenani</em></span> <span class='ocrx_word' id='word_1_313' title='bbox 619 3944 928 4008; x_wconf 85' lang='lat' dir='ltr'><em>volumini</em></span> <span class='ocrx_word' id='word_1_314' title='bbox 994 3947 1302 4009; x_wconf 87' lang='lat' dir='ltr'><em>tricesimo</em></span> <span class='ocrx_word' id='word_1_315' title='bbox 1371 3948 1552 4009; x_wconf 88' lang='lat' dir='ltr'><em>tertio</em></span> <span class='ocrx_word' id='word_1_316' title='bbox 1626 3947 1879 4010; x_wconf 82' lang='lat' dir='ltr'><em>insertis</em></span> <span class='ocrx_word' id='word_1_317' title='bbox 1953 3952 2195 4005; x_wconf 79' lang='lat' dir='ltr'><em>secutus</em></span> <span class='ocrx_word' id='word_1_318' title='bbox 2272 3948 2391 4018; x_wconf 90' lang='lat' dir='ltr'><em>est;</em></span> <span class='ocrx_word' id='word_1_319' title='bbox 2481 3936 2703 3998; x_wconf 89' lang='lat' dir='ltr'><em>e&#39;tenim</em></span> <span class='ocrx_word' id='word_1_320' title='bbox 2776 3934 2853 4012; x_wconf 90' lang='lat' dir='ltr'><em>si,</em></span> 
     </span>
     <span class='ocr_line' id='line_1_36' title="bbox 261 4040 2856 4136; baseline -0.002 -29"><span class='ocrx_word' id='word_1_321' title='bbox 261 4047 425 4131; x_wconf 87' lang='lat' dir='ltr'><em>quod</em></span> <span class='ocrx_word' id='word_1_322' title='bbox 468 4049 569 4110; x_wconf 73' lang='lat' dir='ltr'><em>vir</em></span> <span class='ocrx_word' id='word_1_323' title='bbox 615 4048 726 4111; x_wconf 92' lang='lat' dir='ltr'><em>ille</em></span> <span class='ocrx_word' id='word_1_324' title='bbox 771 4048 1167 4114; x_wconf 79' lang='lat' dir='ltr'><em>doctissimus</em></span> <span class='ocrx_word' id='word_1_325' title='bbox 1185 4051 1371 4136; x_wconf 87' lang='lat' dir='ltr'><em>fecit,</em></span> <span class='ocrx_word' id='word_1_326' title='bbox 1419 4050 1717 4114; x_wconf 69' lang='lat' dir='ltr'><em>exhibitis</em></span> <span class='ocrx_word' id='word_1_327' title='bbox 1750 4050 2015 4112; x_wconf 79' lang='lat' dir='ltr'><em>diversi-s·</em></span> <span class='ocrx_word' id='word_1_328' title='bbox 2048 4041 2415 4108; x_wconf 84' lang='lat' dir='ltr'><em>lectionibus</em></span> <span class='ocrx_word' id='word_1_329' title='bbox 2452 4040 2669 4101; x_wconf 85' lang='lat' dir='ltr'><em>stat-im</em></span> <span class='ocrx_word' id='word_1_330' title='bbox 2700 4059 2856 4121; x_wconf 85' lang='lat' dir='ltr'><em>quae</em></span> 
     </span>
     <span class='ocr_line' id='line_1_37' title="bbox 259 4140 2855 4238; baseline -0.005 -25"><span class='ocrx_word' id='word_1_331' title='bbox 259 4162 408 4214; x_wconf 72' lang='lat' dir='ltr'><em>esset</em></span> <span class='ocrx_word' id='word_1_332' title='bbox 454 4153 692 4235; x_wconf 83' lang='lat' dir='ltr'><em>optima</em></span> <span class='ocrx_word' id='word_1_333' title='bbox 754 4152 1106 4237; x_wconf 86' lang='lat' dir='ltr'><em>disceptare</em></span> <span class='ocrx_word' id='word_1_334' title='bbox 1166 4156 1592 4235; x_wconf 81' lang='lat' dir='ltr'><em>instituissem,</em></span> <span class='ocrx_word' id='word_1_335' title='bbox 1653 4178 1883 4238; x_wconf 83' lang='lat' dir='ltr'><em>parum</em></span> <span class='ocrx_word' id='word_1_336' title='bbox 1944 4147 2149 4213; x_wconf 78' lang='lat' dir='ltr'><em>habile</em></span> <span class='ocrx_word' id='word_1_337' title='bbox 2208 4150 2292 4212; x_wconf 85' lang='lat' dir='ltr'><em>iis</em></span> <span class='ocrx_word' id='word_1_338' title='bbox 2351 4143 2678 4229; x_wconf 85' lang='lat' dir='ltr'><em>effecissem</em></span> <span class='ocrx_word' id='word_1_339' title='bbox 2740 4140 2855 4201; x_wconf 81' lang='lat' dir='ltr'><em>ad-</em></span> 
     </span>
     <span class='ocr_line' id='line_1_38' title="bbox 259 4247 2854 4341; baseline -0.003 -25"><span class='ocrx_word' id='word_1_340' title='bbox 259 4257 646 4337; x_wconf 75' lang='lat' dir='ltr'><em>miniculum,</em></span> <span class='ocrx_word' id='word_1_341' title='bbox 717 4258 826 4341; x_wconf 84' lang='lat' dir='ltr'><em>qui</em></span> <span class='ocrx_word' id='word_1_342' title='bbox 894 4257 1223 4323; x_wconf 81' lang='lat' dir='ltr'><em>lectionum</em></span> <span class='ocrx_word' id='word_1_343' title='bbox 1287 4261 1593 4336; x_wconf 82' lang='lat' dir='ltr'><em>varietate</em></span> <span class='ocrx_word' id='word_1_344' title='bbox 1661 4267 1938 4341; x_wconf 84' lang='lat' dir='ltr'><em>respecta</em></span> <span class='ocrx_word' id='word_1_345' title='bbox 2000 4255 2334 4316; x_wconf 84' lang='lat' dir='ltr'><em>Isocratem</em></span> <span class='ocrx_word' id='word_1_346' title='bbox 2402 4247 2627 4310; x_wconf 87' lang='lat' dir='ltr'><em>lectur-i</em></span> <span class='ocrx_word' id='word_1_347' title='bbox 2693 4254 2854 4305; x_wconf 75' lang='lat' dir='ltr'><em>sunt.</em></span> 
     </span>
     <span class='ocr_line' id='line_1_39' title="bbox 265 4348 2854 4447; baseline -0.005 -24"><span class='ocrx_word' id='word_1_348' title='bbox 265 4359 673 4432; x_wconf 78' lang='lat' dir='ltr'><em>Quamobrem</em></span> <span class='ocrx_word' id='word_1_349' title='bbox 717 4361 998 4425; x_wconf 86' lang='lat' dir='ltr'><em>diversas</em></span> <span class='ocrx_word' id='word_1_350' title='bbox 1041 4364 1391 4447; x_wconf 80' lang='lat' dir='ltr'><em>scripturas</em></span> <span class='ocrx_word' id='word_1_351' title='bbox 1438 4364 1686 4427; x_wconf 83' lang='lat' dir='ltr'><em>testium</em></span> <span class='ocrx_word' id='word_1_352' title='bbox 1735 4364 1897 4425; x_wconf 85' lang='lat' dir='ltr'><em>inter</em></span> <span class='ocrx_word' id='word_1_353' title='bbox 1927 4383 1987 4422; x_wconf 88' lang='lat' dir='ltr'><em>se</em></span> <span class='ocrx_word' id='word_1_354' title='bbox 2020 4354 2522 4421; x_wconf 69' lang='lat' dir='ltr'><em>discordantium</em></span> <span class='ocrx_word' id='word_1_355' title='bbox 2568 4348 2854 4430; x_wconf 68' lang='lat' dir='ltr'><em>sinynlas</em></span> 
     </span>
     <span class='ocr_line' id='line_1_40' title="bbox 259 4451 2853 4553; baseline -0.005 -27"><span class='ocrx_word' id='word_1_356' title='bbox 259 4464 550 4550; x_wconf 87' lang='lat' dir='ltr'><em>deinceps</em></span> <span class='ocrx_word' id='word_1_357' title='bbox 609 4468 910 4531; x_wconf 82' lang='lat' dir='ltr'><em>enarravi</em></span> <span class='ocrx_word' id='word_1_358' title='bbox 967 4468 1408 4553; x_wconf 86' lang='lat' dir='ltr'><em>seiunctimque</em></span> <span class='ocrx_word' id='word_1_359' title='bbox 1467 4468 1546 4530; x_wconf 86' lang='lat' dir='ltr'><em>ab</em></span> <span class='ocrx_word' id='word_1_360' title='bbox 1607 4465 1927 4531; x_wconf 79' lang='lat' dir='ltr'><em>enarratis</em></span> <span class='ocrx_word' id='word_1_361' title='bbox 1986 4462 2165 4525; x_wconf 83' lang='lat' dir='ltr'><em>modo</em></span> <span class='ocrx_word' id='word_1_362' title='bbox 2223 4462 2291 4523; x_wconf 90' lang='lat' dir='ltr'><em>in</em></span> <span class='ocrx_word' id='word_1_363' title='bbox 2338 4451 2853 4520; x_wconf 84' lang='lat' dir='ltr'><em>annotationibus</em></span> 
     </span>
    </p>
   </div>
   <div class='ocr_carea' id='block_1_3' title="bbox 3202 304 3229 419">
    <p class='ocr_par' dir='ltr' id='par_1_4' title="bbox 3202 304 3229 419">
     <span class='ocr_line' id='line_1_41' title="bbox 3202 304 3229 419; textangle 90"><span class='ocrx_word' id='word_1_364' title='bbox 3202 304 3229 419; x_wconf 39' lang='lat' dir='ltr'><em>»Du-</em></span> 
     </span>
    </p>
   </div>
   <div class='ocr_carea' id='block_1_4' title="bbox 3194 1083 3233 1175">
    <p class='ocr_par' dir='ltr' id='par_1_5' title="bbox 3194 1083 3233 1175">
     <span class='ocr_line' id='line_1_42' title="bbox 3194 1083 3233 1175; textangle 90"><span class='ocrx_word' id='word_1_365' title='bbox 3217 1141 3232 1175; x_wconf 45' lang='lat' dir='ltr'><em>a.</em></span> <span class='ocrx_word' id='word_1_366' title='bbox 3194 1083 3233 1128; x_wconf 65' lang='lat' dir='ltr'><em>A</em></span> 
     </span>
    </p>
   </div>
   <div class='ocr_carea' id='block_1_5' title="bbox 3190 1227 3233 1273">
    <p class='ocr_par' dir='ltr' id='par_1_6' title="bbox 3190 1227 3233 1273">
     <span class='ocr_line' id='line_1_43' title="bbox 3190 1227 3233 1273; textangle 90"><span class='ocrx_word' id='word_1_367' title='bbox 3190 1227 3233 1273; x_wconf 54' lang='grc' dir='ltr'><em>’ἡ</em></span> 
     </span>
    </p>
   </div>
  </div>
 </body>
</html>
