3237 5131
418 357 515 423 86·

416 500 651 563 1111111111
697 518 918 563 versus
962 493 1237 563 totidem
1284 495 1419 564 fere
1450 491 1787 563 literarum
1816 491 2121 563 habuisse
2153 492 2560 563 concludere·
2582 490 2753 564 licet.
2799 496 2992 577 Quid?

420 586 659 650 Fuhrio
707 585 881 667 quod
926 586 993 648 in
1039 585 1329 669 Dionysii
1373 586 1584 650 verbis
1633 587 1919 667 contigit,
1967 585 2034 648 id
2081 607 2291 650 nonne
2338 587 2524 650 nobis
2556 587 2637 650 ad
2667 585 2992 651 Isocratem

424 673 736 737 tralatum
783 671 1216 736 emolumento
1264 693 1404 738 esse
1451 674 1715 755 potest?
1763 673 2019 735 Etenim
2057 673 2121 734 si
2167 678 2418 736 veteres
2450 694 2670 737 versus
2703 672 2992 737 adhibens

419 760 635 824 locum
681 760 859 823 varie
905 759 1218 823 traditum
1262 759 1326 823 Π
1372 766 1412 822 4
1440 760 1487 846 ¹)
1533 759 1837 824 rescribis

852 860 1538 967 παιδευεσθαιμαλλον
1608 901 1631 930 ε
1622 881 1686 929 ’δ
1707 901 1731 930 ε
1752 902 1770 929 ι
1813 855 2296 927 τωναλλωνεπει
2306 862 2428 927 δαν

858 944 1573 1037 ὄέιςτηνᾶρχηνκαταστ
1588 988 1627 1017 ω
1645 986 1675 1017 a
1691 987 1710 1016 ι
1723 988 1749 1017 r
1788 943 1943 1013 ἀνω
1935 949 2411 1035 θετητοιόια..

426 1055 604 1118 vides
651 1054 973 1135 quomodo
1020 1053 1368 1119 lectionum
1415 1055 1753 1129 diversitas
1816 1058 1959 1117 orta
2030 1056 2146 1133 sit3
2208 1053 2286 1117 de
2357 999 2779 1119 collocatione
2843 1055 2996 1118 vocis

422 1137 551 1205 ἔδει
599 1141 679 1204 cf.
726 1162 788 1223 p
838 1142 917 1203 27
967 1162 1112 1204 31111.
1162 1146 1198 1203 3
1263 1144 1358 1224 (et
1416 1163 1552 1206 exc.
1604 1146 1640 1205 7
1700 1163 1763 1223 p.
1818 1145 1938 1202 124
1966 1144 2109 1221 sq),
2167 1162 2359 1221 quam
2422 1161 2558 1205 rem
2619 1142 2804 1222 longe
2863 1148 2993 1203 ante

420 1228 699 1293 tractavi
746 1249 941 1310 quam
989 1228 1068 1292 de
1116 1228 1360 1310 origine
1408 1229 1921 1311 corruptelarum
1963 1228 2335 1308 003113Ὓ10111
2799 1284 2803 1286 ,

638 1332 827 1396 Addo
872 1330 965 1395 ΠΙ
1013 1338 1127 1397 59:

851 1412 1617 1506 τοιαυτηςψυχηςὴὄιστ”
1577 1442 1760 1496 αντις
1842 1438 2013 1486 duva
2032 1451 2141 1485 ιτο
2188 1423 2448 1500 τονβιον

854 1505 1215 1590 διαγαγειν·
1233 1530 1676 1610 μητηνκακιαν
1735 1543 1763 1571 0
1792 1521 1813 1571 ἰ
1839 1543 1858 1570 ε
1889 1541 1918 1571 σ
1944 1528 1986 1571 θ
2011 1543 2035 1573 ε
2081 1504 2156 1568 δι
2148 1509 2523 1586 νασθαιμεν

852 1586 1941 1680 πλεοντηςᾶρετηςιῦφελειντοὸκτὲ
1992 1641 2006 1655 .
2055 1642 2068 1654 .
2121 1641 2134 1653 .

639 1695 855 1762 Verba
907 1688 1264 1760 (δύνασθαι
1323 1695 1440 1800 μὲν
1498 1694 1700 1759 πλέον
1758 1697 1871 1782 τῆς
1917 1689 2143 1782 ἀρετῆς
2172 1688 2475 1781 ὠφελεῖν)
2543 1694 2854 1759 Stobaeus
2895 1714 2999 1775 per

414 1776 687 1865 (μᾶλλον
729 1784 842 1870 τῆς
885 1776 1111 1888 ἀρετῆς
1154 1776 1440 1890 ὠφελεῖν’
1492 1783 1992 1864 circumscripsit
2039 1783 2266 1845 eodem
2315 1782 2506 1846 modo
2526 1803 2665 1863 quo
2699 1781 2758 1844 11
2790 1787 2865 1843 35
2895 1801 2998 1861 pro

379 1868 861 1954 γιμνάζεσθαι
906 1866 1241 1933 δύνασθαί
1283 1891 1356 1935 σε
1401 1869 1579 1934 dedit
1624 1867 2062 1954 γιμνάζεσθαι
2110 1860 2369 1950 α’μειιόν
2413 1890 2502 1932 σε.

649 1972 925 2038 Claudat
969 1995 1200 2055 agmen
1243 1974 1423 2038 locus
1468 1974 1624 2037 XIII
1671 1980 1784 2037 21:

857 2070 1923 2182 yaqovdemamqyomammam-qm
1930 2101 2034 2140 ναι
2081 2109 2114 2143 τ
2130 2114 2153 2142 e
2168 2110 2204 2154 χ
2217 2111 2290 2158 νη
2307 2113 2335 2142 ν

857 2157 1884 2271 ἧτιςτοιςκακωςπεφυκοσινπρος
1904 2201 1937 2228 α
1958 2201 1987 2246 ρ
2007 2200 2029 2228 ε
2042 2195 2076 2228 τ
2095 2200 2163 2246 qn
2213 2183 2343 2226 σω-

859 2272 1101 2355 φροσυ
1144 2246 1371 2315 νᾶνκαι
1392 2270 1426 2315 δ
1444 2290 1463 2317 ι
1476 2289 1500 2315 κ
1516 2288 1551 2316 α
1568 2289 1586 2317 ι
1603 2286 1633 2317 ο
1651 2286 1679 2315 σ
1694 2287 1725 2317 υ
1743 2287 1769 2316 r
1788 2288 1814 2334 η
1829 2288 1857 2316 ν
1904 2248 2348 2336 ἕμποιησειεν·

863 2331 1106 2425 οὐμηνᾶ
1147 2338 1545 2440 λασυμπαρα
1566 2371 1596 2401 σ
1611 2375 1636 2401 κ
1656 2374 1678 2403 ε
1694 2373 1725 2403 v
1741 2374 1777 2402 α
1793 2372 1821 2402 ο
1838 2373 1873 2402 α
1890 2371 1920 2401 σ
1934 2358 1976 2401 θ
1990 2373 2026 2401 α
2043 2374 2062 2402 ι
2094 2356 2356 2399 τεκαισυ
2362 2360 2428 2397 ν-

857 2417 1438 2511 ασκησαιμαλιστ”
1400 2418 1785 2510 ανοῖμαιτην
1808 2456 1841 2490 τ
1855 2461 1893 2491 ω
1909 2459 1936 2489 ν
1974 2441 2000 2488 λ
2017 2458 2044 2486 n
2061 2458 2145 2500 y,
2110 2459 2145 2486 0
2163 2455 2191 2488 ν
2226 2445 2487 2485 τωνπο.

642 2526 828 2605 Quod
871 2525 1068 2610 igitur
1114 2527 1542 2610 quaesivimus
1589 2548 1719 2609 qua
1763 2527 2150 2593 necessitate
2201 2527 2609 2591 recensiones
2675 2531 2810 2611 ng
2852 2526 3006 2589 inter

422 2630 499 2680 'se
548 2617 929 2679 coniunctae
963 2619 1196 2693 essent,
1243 2615 1310 2679 id
1340 2616 1433 2679 ita
1467 2615 1788 2694 solvimuS,
1835 2621 1907 2677 ut
1951 2614 2114 2678 haec
2159 2613 2291 2678 tria
2337 2635 2475 2677 esse
2521 2613 2869 2677 lectionum
2914 2633 3008 2693 ge-

431 2724 592 2766 nera
638 2701 1015 2778 diceremuS,
1063 2723 1229 2784 quae
1274 2699 1536 2780 fiebant,
1587 2703 1739 2765 dum
1786 2709 1918 2764 tres
1964 2700 2254 2764 homines
2300 2699 2539 2766 literati
2590 2700 2698 2763 alii
2746 2701 3004 2763 aliorum

434 2789 621 2852 inscii
681 2789 791 2851 uni
838 2788 1172 2872 eidemque
1229 2789 1393 2853 libro
1439 2788 1765 2853 Isocrateo
1828 2787 2259 2851 vetustissimo
2320 2787 2768 2868 impenderent
2815 2804 3010 2850 curas

431 2875 663 2957 quibus
712 2876 987 2939 oratoris
1034 2875 1231 2940 verba
1274 2897 1404 2939 non
1448 2876 1659 2938 minus
1702 2882 2001 2956 corrupte
2048 2895 2241 2954 quam
2284 2873 2589 2937 lacunose
2637 2874 2701 2936 in
2748 2872 2859 2938 illo
2890 2879 3009 2937 tra-

429 2962 564 3026 dita
610 2960 1030 3044 refingerent3
1077 2983 1242 3044 quae
1302 2963 1711 3026 recensiones
1758 2962 1989 3042 quibus
2034 2961 2431 3042 temporibus
2471 2959 2835 3023 debeantur
2879 2982 3011 3023 cuni

427 3050 510 3112 ad
555 3048 871 3129 liquidum
918 3048 1154 3112 ducere
1198 3048 1483 3112 nondum
1540 3048 1753 3122 liceat,
1817 3048 1958 3128 quis
2003 3048 2351 3127 negaverit,
2415 3047 2557 3127 quis
2606 3045 3012 3110 affirmaverit

428 3135 742 3199 lectiones
789 3155 829 3212 ς
875 3141 940 3198 et
981 3158 1024 3218 y
1069 3133 1464 3198 recentiores
1511 3135 1985 3214 antiquioresve
2032 3133 2364 3198 Urbinatis
2410 3134 2786 3197 recensione
2835 3134 3015 3196 esse?

430 3242 798 3303 quanquam
856 3220 1046 3285 huius
1109 3221 1189 3285 de
1251 3221 1495 3302 origine
1556 3221 1706 3283 inde
1755 3221 2061 3283 certiores
2121 3219 2326 3295 fimuS,
2395 3219 2568 3300 quod
2630 3221 2739 3300 qui
2801 3241 3014 3284 recen-

433 3309 676 3372 sionem
721 3306 968 3386 fecerit,
1017 3328 1162 3370 eum
1210 3308 1405 3371 etiam
1439 3306 1758 3370 delectum
1806 3307 2159 3370 instituisse
2207 3307 2457 3370 ratione
2506 3308 2714 3369 coacti
2763 3328 3015 3370 conces-

429 3395 644 3457 simus.
693 3393 1038 3475 Quaequae
1085 3400 1301 3457 autem
1345 3393 1468 3457 fuit
1513 3399 1694 3457 aetas
1741 3412 1868 3474 qua
1914 3399 2100 3456 natas
2148 3414 2286 3456 esse
2334 3393 2426 3455 vis
2475 3382 2759 3473 singulas
2799 3414 3014 3456 recen-

429 3481 658 3558 siones,
703 3480 827 3544 hoc
871 3479 1220 3560 tenendum
1264 3501 1781 3561 unamquamque
1830 3501 2049 3543 earum
2114 3479 2198 3543 ad
2257 3481 2466 3561 ipsum
2520 3478 2734 3543 redire
2798 3501 2907 3543 31(
2911 3480 3012 3542 be-

431 3574 652 3651 typum
712 3586 921 3649 neque
984 3588 1092 3630 eas
1149 3569 1242 3631 ita
1302 3567 1472 3631 inter
1533 3588 1601 3630 se
1665 3567 2011 3630 cohaerere
2073 3572 2145 3629 ut
2190 3566 2320 3630 alia
2366 3587 2445 3629 ex
2491 3566 2620 3676 alia
2664 3564 2941 3632 fluxerit.
2964 3567 3012 3650 Ω)

649 3758 681 3826 Ι)
720 3756 798 3810 Cf.
837 3774 922 3810 vv.
960 3757 1016 3809 ll.
1055 3774 1189 3849 quas
1227 3756 1298 3809 ad
1333 3756 1479 3810 hunc
1515 3758 1700 3810 locum
1726 3760 2062 3824 ceterosque,
2100 3773 2235 3824 quos
2270 3757 2535 3809 allaturus
2573 3773 2710 3824 sum,
2749 3756 2811 3810 in
2843 3757 3013 3834 capite

431 3844 612 3914 primo
651 3844 949 3913 composui.
2645 3862 2649 3866 ⁴

641 3933 682 4000 ²)
720 3931 801 3984 De
838 3930 1022 3985 verbis
1060 3931 1117 3983 in
1154 3933 1204 3979 Γ
1233 3949 1265 3984 3
1301 3948 1382 3998 pr.
1420 3949 1490 3985 m.
1532 3931 1746 3983 omissis
1782 3930 2050 3983 iudicium
2100 3928 2242 3983 ferre
2278 3929 2486 3983 veritus
2524 3948 2659 3997 sum,
2711 3945 2838 3983 cum
2875 3932 3011 3983 Mar-

429 4021 578 4073 tinus
629 4019 702 4085 (le
753 4001 1058 4071 manuscrit
1104 4037 1158 4087 p.
1210 4020 1241 4071 5
1292 4037 1416 4072 ann.
1465 4022 1518 4084 3)
1569 4005 1731 4070 hanc'
1760 4018 1863 4070 sibi
1912 4018 2278 4070 reservaverit
2329 4017 2700 4085 provinciam3
2750 4035 3016 4086 apponam

430 4106 605 4159 nihilo
642 4105 818 4159 secius
856 4105 1313 4174 observationem,
1353 4123 1492 4174 quae
1520 4111 1581 4157 ut
1605 4105 1924 4171 Martinum,
1964 4104 2111 4172 quod
2148 4121 2216 4158 ex
2251 4105 2399 4156 illius
2438 4104 2656 4157 silentio
2695 4106 3015 4158 concludere

442 4194 626 4260 liceat,
665 4193 825 4260 fugit,
863 4193 945 4244 ita
981 4193 1177 4244 summi
1214 4192 1479 4246 momenti
1530 4193 1580 4245 ei
1615 4210 1730 4245 esse
1767 4191 2063 4258 videbitur,
2113 4191 2205 4258 qui
2242 4190 2557 4244 meminerit
2592 4191 2861 4244 Fuhrium
2908 4209 3014 4243 mo·

432 4284 657 4332 nentem
694 4279 992 4347 plurimum
1020 4280 1086 4331 ad
1120 4281 1497 4347 quaestionem
1535 4279 1608 4331 de.
1641 4279 1851 4331 lacunis
1889 4278 2008 4329 istis
2047 4278 2364 4331 solvendam
2402 4278 2682 4343 interesse,
2723 4283 2785 4330 nt
2822 4279 3017 4331 acriter

431 4356 709 4418 indicetur
745 4366 832 4417 cui
870 4369 1136 4433 quotaeve
1173 4365 1359 4419 manui
1395 4367 1610 4433 repleta
1645 4366 1815 4418 verba
1865 4365 2183 4417 debeantur.
2234 4364 2355 4432 (Rh.
2390 4365 2468 4416 M.
2505 4364 2742 4428 XXXIII
2778 4384 2831 4434 p.
2871 4366 2987 4431 567)

434 4471 597 4522 agam
632 4452 806 4520 igitur
841 4452 909 4507 de
947 4457 1144 4520 quarto
1181 4456 1493 4508 correctore
1524 4454 1574 4500 Γ
1585 4453 1620 4504 ⁴.
1657 4452 1889 4520 Relege:
1929 4455 2082 4519 56,16
2117 4453 2225 4503 τῶν
2260 4448 2399 4521 πρὸς
2434 4450 2574 4506 Γςαε
2613 4451 2719 4521 tuing
2741 4449 3021 4523 ’πρότερον

433 4537 574 4609 πρὸς·
607 4532 768 4592 Γ4Εῑ
807 4541 913 4591 τοῖν
951 4539 1223 4610 πρότερον
1257 4541 1368 4590 τοῖν
1404 4537 1545 4607 πςὸς
1583 4559 1627 4593 ς.
1656 4571 1719 4577 --
1751 4542 1904 4605 57,10
1942 4537 2224 4608 κρατήσειν
2250 4541 2325 4593 Γζ
2359 4538 2495 4592 Ῑε.α;
2536 4536 2913 4608 ἐπικρατήσειν
2952 4537 2997 4588 Ε
