3237 5131
2811 308 2939 373 137
2982 358 2989 365 .

323 442 426 513 [ad
472 432 604 499 XIX
641 438 846 509 adea?
895 444 1010 510 καὶ
1049 439 1166 509 ‘ad
1209 470 1346 511 eum
1393 442 1693 513 advenis'.
1740 448 1825 535 Et
1864 470 2010 513 cum
2053 470 2274 513 verum
2318 448 2445 513 hoc
2490 449 2744 531 quoqu‘e
2792 470 2937 513 eum

440 517 523 568 24.
645 532 880 599 vidisse
929 555 1046 616 ego
1078 556 1209 598 non
1240 535 1530 600 dubitem
1562 536 1937 616 concedere,
1976 536 2351 617 negaverint
2389 541 2605 599 autem
2639 535 2941 614 editoreS,

646 632 882 700 operae
913 620 1196 703 pretium
1225 622 1481 685 videtur
1506 623 1715 687 denuo
1747 644 1885 687 rem
1908 622 2211 687 tractare.
2261 622 2517 687 Etenim
2541 622 2595 686 si
2618 623 2942 703 percurris
2992 671 2997 674 <

639 706 953 788 exempla,
980 708 1211 788 quibus
1236 728 1389 772 usus
1412 708 1779 775 Priscianus
1806 710 2207 773 demonstret
2234 708 2563 773 abundare
2588 708 2939 790 aliquando

635 793 1150 874 praepositiones
1198 800 1264 857 et
1311 795 1483 877 apud
1517 796 1844 860 Romanos
1892 801 1958 860 et
1990 796 2175 878 apud.
2196 794 2510 859 Graecos:
2554 788 2939 859 ‘Isocrates1

637 874 719 941 ἐν
765 872 988 957 αὐτοῖς
1036 928 1050 943 .
1079 930 1092 943 .
1141 878 1690 970 ἐνεπεδειξάμηνς
1760 883 2130 947 Terentius:
2194 882 2447 945 accedo
2494 882 2612 962 ad,
2678 883 2933 944 accedo

637 965 754 1045 ad,
805 966 990 1030 adeo
1039 966 1156 1048 ad,
1207 968 1405 1032 adeo
1453 969 1557 1051 ad,
1608 970 1903 1034 advenio
1950 970 2071 1033 ad.
2104 1008 2192 1016 —
2221 969 2572 1033 Isocrates:
2620 988 2934 1033 συνακο-

619 1051 906 1117 λουθεῖν
947 1050 1144 1135 μετά;
1191 1054 1663 1119 Aristomenes:
1710 1054 2014 1133 ξυνεῖναι
2058 1052 2299 1138 μετά;
2346 1056 2699 1119 Isocrates:
2758 1076 2850 1119 συ
2870 1080 2937 1118 ν-

636 1134 994 1224 διατρίβειν
1050 1133 1281 1221 μετά’
1331 1180 1419 1188 -
1460 1137 1642 1222 haec,
1707 1143 1989 1224 inquam,
2054 1143 2109 1206 si
2153 1142 2549 1224 percurristi,
2614 1140 2756 1205 fieri
2806 1163 2931 1206 non

635 1230 871 1307 potest,
919 1227 1072 1308 quin
1119 1248 1246 1310 quo
1296 1228 1560 1293 consilio
1612 1250 1689 1293 ea
1715 1230 1966 1311 digesta
2005 1229 2132 1293 sint
2162 1229 2535 1311 intellegasj
2581 1226 2647 1291 in
2681 1228 2929 1315 Latinis

637 1311 807 1376 enim
852 1314 1148 1378 omnibus
1173 1315 1440 1379 eaedem
1484 1315 1709 1397 utique
1740 1316 2251 1401 praepositiones
2282 1316 2621 1389 iterantur,
2670 1323 2736 1379 et
2766 1337 2933 1398 quae

637 1396 702 1461 in
748 1398 1015 1465 Graecis
1062 1408 1418 1483 sequuntur
1463 1401 1522 1465 ei
1569 1402 1689 1466 soli
1732 1425 1861 1468 non
1908 1424 1988 1466 ex
2034 1403 2258 1467 eadem
2292 1402 2544 1466 ratione
2578 1401 2933 1485 dispositae

636 1505 776 1549 esse
822 1486 1228 1566 videbuntur,
1293 1489 1402 1570 qui
1448 1510 1810 1553 sermonem
1869 1489 2155 1553 Atticum
2214 1490 2762 1571 praepositionem
2821 1486 2935 1552 σύν

633 1592 940 1653 respuere
984 1575 1264 1655 nesciat3
1313 1576 1426 1640 sed
1458 1577 1935 1659 grammaticus,
1984 1597 2130 1640 cum
2160 1577 2321 1641 haec
2354 1576 2604 1639 Graeca
2638 1577 2935 1658 exempla

635 1662 833 1738 (συν-ε
863 1657 1054 1742 μετά)
1088 1661 1170 1725 ad
1216 1683 1356 1726 rem
1380 1662 1927 1745 comprobandam
1958 1664 2167 1727 minus
2200 1669 2357 1745 apta
2377 1663 2662 1745 potuerit
2684 1668 2933 1745 putare,

634 1744 746 1809 illa
785 1768 914 1811 non
953 1755 1153 1813 ante
1191 1749 1442 1828 Latina,
1485 1772 1612 1832 quo
1653 1750 1913 1827 assolet,
1954 1750 2068 1814 sed
2104 1755 2299 1832 post
2336 1749 2496 1814 haec
2528 1750 2775 1832 posuit:
2826 1772 2939 1815 cur

634 1831 829 1913 igitur
857 1835 1132 1916 primam
1161 1836 1380 1900 sedem
1403 1838 1517 1901 uni
1543 1836 1873 1901 Isocrateo
1905 1838 2048 1901 loco
2074 1836 2440 1901 concessit?
2462 1836 2760 1900 nimirum
2786 1837 2937 1919 quia
3018 1884 3022 1889 ψ

634 1920 716 1983 ad
743 1922 1049 1985 amussim
1074 1923 1517 2004 aequiperavit
1551 1924 1781 1987 latina
1812 1921 1963 2005 (ἐν-ε
1992 1920 2107 2003 ἐν).
2134 1924 2273 1987 Hoc
2298 1924 2351 1987 si
2383 1929 2560 1987 recte
2593 1924 2933 2005 disputavi,

634 2006 947 2072 Prisciani
991 2009 1404 2091 lexigraphus
1450 2007 1851 2098 ἐνεδειξάμην
1896 2050 1979 2057 --
2026 2007 2106 2073 ἐν
2166 2010 2353 2091 legit3
2420 2010 2521 2073 cui
2568 2011 2932 2075 sententiae

634 2092 907 2158 fulcrum
983 2094 1259 2161 fortasse
1337 2118 1416 2160 ex
1492 2098 1735 2180 optimo
1810 2097 1976 2161 libro
2052 2096 2564 2160 Priscianeorum
2640 2096 2933 2160 subicere

634 2179 818 2261 licet3
889 2182 1094 2247 codex
1155 2184 1218 2245 R
1263 2184 1434 2247 enim
1500 2206 1618 2266 pro
1688 2179 2175 2269 ἐνεπεδειξάμην
2233 2183 2435 2247 habet
2495 2184 2931 2248 ENHEAEI—

1313 2272 1378 2321 H

635 2336 698 2399 Ξ
714 2335 1014 2418 ΑΜΗΝ,
1063 2340 1100 2403 i.
1144 2362 1198 2403 e.
1229 2339 1973 2420 ENEAEIEAMHNJ
2031 2337 2295 2403 lectioni
2341 2334 2741 2426 ἐνεδειξάμην
2788 2360 2931 2402 cum

639 2444 714 2483 cx
778 2423 944 2489 libro
1009 2426 1246 2491 nostris
1292 2426 1639 2492 Isocrateis
1686 2426 2008 2493 simillimo
2056 2428 2135 2489 H
2172 2425 2674 2509 superscriptum
2744 2432 2933 2505 esset,

636 2510 729 2574 ita
786 2517 860 2576 ut
921 2518 1331 2578 correcturae
1379 2514 1590 2579 locum
1650 2520 1922 2592 teneret,
1984 2520 2233 2597 postea,
2280 2514 2389 2578 ubi
2436 2512 2594 2577 illud
2641 2516 2719 2576 Π
2756 2514 2934 2577 iuxta

635 2603 707 2660 N
742 2599 808 2661 in
855 2605 1104 2664 textum
1156 2622 1468 2684 perquam
1514 2609 1848 2685 receptum
1888 2609 2005 2678 est,
2052 2600 2317 2665 tandem
2348 2599 2570 2678 fiebat,
2617 2605 2689 2663 ut
2736 2601 2930 2664 etiam

632 2682 691 2746 E
755 2687 1294 2768 interponeretur.
1401 2687 1706 2753 Isocratis
1790 2688 1984 2769 igitur
2048 2688 2199 2750 libri
2278 2709 2421 2750 cum
2490 2683 2958 2774 «ἐπεδειξιιέμην,4

633 2769 1035 2861 ἐνεδειξάμην
1117 2774 1470 2852 Priscianei
1552 2775 1930 2857 praebeant,
2002 2773 2295 2856 quaestio
2381 2774 2709 2838 suboritur
2782 2781 2932 2837 utra

631 2862 825 2923 lectio
872 2861 1303 2942 praeferenda
1364 2862 1464 2925 sit.
1554 2863 1803 2926 Neutra
1862 2868 2080 2924 autem
2128 2861 2475 2924 dictionem
2522 2861 2603 2924 ab
2653 2861 2930 2924 oratoris

630 2967 750 3008 usu
775 2947 1051 3012 alienam
1074 2948 1391 3013 inferente
1417 2949 1464 3031 ¹)
1491 2951 1546 3013 si
1570 2949 1656 3014 ad
1680 2948 1882 3013 solam
1906 2947 2099 3012 fidem
2122 2947 2385 3011 testium
2410 2967 2545 3010 rem
2572 2946 2927 3011 diiudicare

634 3034 842 3096 coacti
867 3056 1102 3114 sumUS,
1131 3036 1386 3100 codices
1412 3057 1774 3118 sequemur,
1800 3037 2037 3118 quippe
2063 3035 2232 3098 inter
2256 3055 2416 3116 quos
2442 3033 2719 3115 optimus
2750 3039 2809 3095 Γ
2828 3034 2929 3096 sit.

631 3155 712 3164 —
740 3120 968 3186 Restat
1011 3128 1083 3185 ut
1129 3122 1358 3200 dicam,
1385 3143 1533 3203 ⁴quo
1566 3123 1706 3187 iure
1739 3123 2035 3186 ultimum
2083 3121 2445 3204 exemplum
2490 3120 2928 3184 Priscianeum

633 3226 712 3268 ex
777 3206 1063 3272 Isocrate
1140 3209 1416 3291 petitum
1496 3209 1935 3272 coniunxerim
2010 3230 2206 3289 supra
2282 3229 2425 3271 cum
2502 3207 2923 3270 Aristomenis

632 3293 938 3373 versibus,
972 3315 1339 3376 quanquam
1370 3295 1532 3359 haec
1565 3302 1715 3359 sunt
1745 3296 2113 3360 interiecta:
2167 3297 2489 3381 Κρατῖνος
2518 3290 2585 3356 ἐν
2620 3290 2922 3375 Νεμέσει·

625 3371 803 3460 (μεθ’
852 3374 1092 3468 ὑστέρῳ
1138 3374 1357 3467 κρότημ’
1383 3383 1456 3464 ⁹),
1501 3381 1813 3467 Viryilius
1853 3383 1923 3445 in
1967 3381 2027 3444 V
2052 3384 2236 3465 (321)
2263 3376 2499 3466 ‘spatio
2524 3394 2672 3465 poss
2702 3381 2927 3443 deinde

630 3467 850 3530 relicto
888 3467 898 3554 Ι
946 3468 1194 3531 Tertius
1241 3469 1585 3554 Euryalus.
1667 3469 1753 3532 At
1797 3469 2017 3533 videas
2063 3469 2253 3532 velim
2286 3507 2368 3513 —
2401 3468 2455 3531 si
2500 3466 2787 3548 neglegis
2833 3467 2923 3530 in·

539 3695 574 3759 ¹)
615 3693 912 3751 ἐνδείκνυμι
951 3692 1031 3743 ε’νε
1058 3692 1172 3745 'VII
1210 3697 1298 3760 373
1343 3693 1817 3762 ἐπιδείνυμι(-μαι)
1859 3695 1911 3743 ἐν
1948 3693 2026 3746 IV
2062 3695 2145 3746 91.
2192 3691 2269 3744 VI
2309 3694 2423 3744 102.
2459 3689 2592 3742 VIII
2628 3693 2711 3744 95.
2739 3691 2817 3744 IX
2842 3694 2925 3745 61.

317 3780 419 3832 XV
457 3783 574 3832 315.
612 3780 742 3833 XVI
777 3781 860 3832 25.
899 3779 1002 3833 XX
1041 3783 1121 3833 13.
1161 3811 1221 3820 -
1263 3781 1316 3832 II
1355 3783 1436 3834 19.
1475 3781 1555 3832 III
1592 3783 1675 3834 39.
1712 3780 1791 3832 IV
1826 3782 1909 3833 85.
1947 3780 1999 3832 X
2035 3781 2118 3833 31.
2156 3777 2258 3832 XV
2292 3781 2377 3831 24.
2425 3777 2648 3831 Adnoto
2697 3778 2925 3848 Antiph.

315 3866 366 3919 V
403 3869 472 3920 80
507 3883 610 3934 pro
649 3869 991 3928 δεδειγμένου
1029 3869 1183 3918 ἔσται
1219 3867 1623 3920 Jernstedtium
1659 3883 1771 3918 non
1799 3869 1951 3920 recte
1987 3883 2088 3934 per
2126 3867 2451 3926 δεδογμένον
2479 3867 2633 3914 ἕσται
2659 3881 2926 3932 reponere

317 3954 486 4006 velle:
529 3953 596 4006 cf.
636 3955 806 4006 Isocr.
843 3955 897 4006 II
937 3959 1018 4008 10.
1057 3957 1124 4008 49
1160 3954 1237 4008 IV
1277 3957 1376 4008 165
1415 3954 1490 4006 VI
1526 3957 1560 4006 4
1598 3983 1664 3992 -
1701 3953 1777 4006 IV
1813 3956 1897 4007 49.

531 4041 574 4108 ²)
614 4040 945 4094 Accuratius
981 4042 1182 4094 vellem
1218 4041 1460 4094 Kockius
1511 4040 1841 4109 inspexisset
1888 4039 2070 4109 ipsum
2126 4038 2489 4104 Priscianum,
2536 4055 2608 4094 ne
2658 4037 2924 4091 Meinekii

319 4125 699 4180 coniecturam
735 4127 884 4180 hand
920 4127 1001 4181 ita
1037 4128 1257 4182 felicem
1292 4132 1621 4196 recoqueret
1668 4145 1777 4181 neu
1825 4145 1923 4180 nos
1974 4144 2133 4179 suum
2168 4125 2340 4194 ipsius
2378 4129 2693 4192 μεθυστέρῳ
2743 4125 2918 4192 χρόνῳ

319 4220 546 4282 cogeret
583 4231 956 4282 concoquere3
993 4215 1223 4268 vidisset
1260 4215 1408 4269 enim
1433 4215 1743 4269 necessario
1770 4214 2096 4268 adverbium
2122 4211 2442 4279 desiderari,
2481 4211 2628 4279 quod
2666 4216 2723 4264 et
2762 4229 2921 4280 prae·

317 4300 610 4368 positionis
645 4301 859 4356 vicibus
898 4301 1056 4370 fungi
1093 4302 1268 4370 possit
1305 4306 1362 4356 et
1398 4301 1676 4370 significet
1711 4301 1860 4355 idem
1898 4300 2045 4370 quod
2084 4297 2285 4368 ὑστέρῳ
2323 4297 2531 4367 χρόνῳ,
2584 4300 2759 4353 veluti
2810 4299 2922 4368 Hy-

321 4387 609 4458 perideum
634 4389 775 4442 illud
793 4385 935 4448 μετοὶ
959 4391 1143 4440 ταῦτα
1169 4384 1422 4460 &oneum
1463 4389 1787 4444 adverbium
1812 4394 1998 4444 autem
2021 4387 2171 4442 istud
2196 4392 2279 4442 est
2302 4386 2483 4456 ipsum
2507 4387 2565 4441 id
2591 4385 2745 4456 μετὰ,
2776 4388 2925 4456 quod
2965 4380 2971 4384 ’

318 4475 476 4528 iuxta
511 4470 736 4546 ’ὑστέρῳ
775 4473 970 4546 χρόνῳ’
1012 4476 1290 4546 abundat3
1327 4477 1535 4547 optime
1559 4476 1733 4547 igitur
1755 4476 2013 4532 Hertzius
2044 4473 2281 4530 coniecit
2315 4471 2440 4536 μεθ’
2462 4470 2685 4545 ,ὑστέρῳ
2728 4473 2923 4545 χρόνῳ.
