3237 5131
2843 314 2961 373 149

371 440 460 507 [ad
496 458 552 508 P·
584 443 652 496 86
677 448 1016 551 terumque
1060 442 1251 552 λόγον
1295 447 1378 511 ad
1426 468 1565 512 sese
1613 448 1989 552 rettulisset,
2046 469 2176 511 non
2222 447 2447 511 dubito
2495 449 2647 529 quin
2696 448 2964 511 daturus

678 528 900 595 fuerit:
951 554 1072 612 εχω
1117 530 1238 620 γὰρ
1277 525 1548 619 κάγω
1598 531 1807 619 λόγον,
1856 558 1929 611 ος
1972 529 2101 597 κτὲ.
2136 536 2225 617 ¹)

713 659 776 667 —

575 718 614 786 1)
652 718 753 773 XV
799 722 892 773 136
919 718 1126 774 πόσους·
1148 723 1209 771 δὲ
1235 723 1340 774 τῶν
1365 727 1830 791 προγεγενημένων
1856 712 2239 783 ἀνωνύμους·
2188 743 2326 773 uvae
2348 740 2487 791 quae
2512 722 2571 776 in
2596 725 2646 771 Γ
2649 725 2664 753 ¹
2689 722 2891 777 omissa
2910 727 2967 777 et

363 804 412 851 Γ
421 807 594 858 rec.et
616 823 644 875 ςζ
672 806 969 860 traduntur
987 825 1056 867 ex
1077 808 1305 877 singulis
1328 808 1557 863 diversis
1578 809 1925 878 glossematis
1947 809 2184 863 conflata
2211 810 2467 863 videntur
2486 814 2543 863 et
2562 809 2743 863 verbis
2768 805 2963 877 gennis

359 889 643 957 adaptata:
661 888 972 953 ἀνωνύμους
985 892 1056 947 ad
1070 891 1302 954 ἀτίμους·
1322 897 1556 962 (ratione
1572 898 1866 950 verborum
1882 896 2227 964 sequentium
2245 896 2475 965 habita),
2496 899 2960 965 προγεγενημένων

362 976 432 1029 ad
467 980 571 1027 τῶν
607 973 891 1045 ᾀδομένων
941 982 1030 1031 καὶ
1076 984 1544 1051 τραγῳδουμένων
1593 987 1823 1051 Spectat.
1882 1014 1940 1021 —-
2003 983 2146 1049 Quid
2194 1000 2325 1035 vero
2371 981 2554 1036 verbis
2603 982 2705 1035 XV
2744 986 2843 1035 116
2893 971 2961 1033 οἷν

361 1066 493 1113 ἔνιοι
529 1094 596 1105 --
633 1064 887 1128 γεγόνασι
922 1068 981 1120 in
1020 1068 1116 1119 ΕΘ
1155 1068 1311 1122 Arec.
1350 1070 1580 1123 servatis
1631 1070 1832 1123 faciam
1879 1070 2081 1123 nesci0.
2158 1070 2364 1123 Contra
2407 1086 2547 1136 quae
2594 1066 2680 1122 Vs
2719 1070 2786 1122 55
2835 1067 2893 1121 in
2934 1090 2960 1116 .-

357 1148 656 1217 leguntur‘
661 1152 787 1202 τίνα
818 1154 880 1203 δὲ
906 1157 1013 1205 τῶν
1040 1160 1466 1223 περιισταμένων
1487 1188 1551 1195 -
1571 1152 1873 1207 ποιεῐοᾸθαι
1910 1156 2279 1225 interpolator
2305 1156 2629 1225 composuit,
2666 1159 2959 1222 postquam

355 1252 486 1289 vera
523 1236 690 1291 lectio
728 1241 883 1293 τίνας·
917 1237 1022 1310 γάρ
1063 1242 1209 1301 ἴσαεν
1247 1261 1316 1291 ων
1342 1242 1473 1311 (Γ)’
1457 1261 1515 1295 ιιι
1531 1243 1697 1345 ,τίνας
1732 1246 2151 1312 παιισεαμένων
2182 1243 2325 1312 (ΘΛ)
2358 1242 2511 1295 abiit.
2549 1240 2959 1309 Relinquuntur

355 1323 525 1376 verba
570 1324 677 1379 ΧΠ
729 1330 826 1379 133
879 1330 1144 1381 θέλοντας·
1191 1327 1430 1383 τούτους
1477 1350 1550 1381 av
1602 1326 1901 1382 τούνοίτίον
1952 1330 2241 1383 κακίστους·
2268 1330 2513 1381 ἑαυτοῖς
2569 1344 2631 1379 τε
2694 1347 2785 1378 και
2842 1331 2961 1380 τοῖς

355 1409 610 1463 πολίταις
646 1400 784 1463 εἶναι
821 1412 1039 1473 νομίζω,
1093 1433 1325 1484 quorum
1374 1418 1571 1471 ultima
1621 1436 1690 1471 ex
1739 1419 1770 1488 ξ
1812 1422 1909 1472 132
1961 1418 2051 1468 καὶ
2086 1414 2229 1486 πρὸς·
2265 1418 2402 1474 οφᾶς·
2439 1410 2649 1468 αὐτούς·
2694 1415 2783 1464 καὶ
2820 1409 2958 1482 πρὸς·

360 1492 493 1549 τούς·
529 1493 724 1553 ἄλλους·
758 1502 1065 1569 composita
1101 1508 1255 1571 sunt3
1313 1504 1518 1558 adiecit
1566 1522 1631 1559 ea
1668 1505 2051 1575 interpolator,
2112 1504 2205 1573 qui
2242 1503 2555 1571 ignorabat,
2608 1502 2653 1555 si
2702 1502 2849 1554 inter
2900 1518 2955 1553 se

352 1582 566 1649 periodi
599 1585 737 1639 duae
768 1588 1034 1642 relativae
1069 1590 1334 1657 apodoses
1354 1592 1701 1645 continentes
1722 1596 2095 1661 opponuntur,
2116 1589 2451 1659 particulam
2471 1590 2534 1639 δέ
2560 1588 2616 1641 in
2634 1589 2955 1657 posterioris

352 1671 631 1723 enunciati
667 1674 885 1728 relativi
925 1675 1149 1744 apodosi
1188 1677 1268 1731 ita
1307 1680 1454 1746 poni,
1493 1684 1557 1732 ut
1592 1680 1925 1750 respondeat
1961 1678 2266 1747 particulae
2303 1680 2398 1735 μέν
2433 1676 2634 1743 prioris
2673 1675 2951 1744 aPOdOSiS=

351 1758 604 1825 exempla
651 1759 928 1815 Isocratea
976 1764 1252 1831 congessit
1303 1764 1605 1820 Schneider
1654 1767 1725 1820 ad
1774 1768 1876 1820 VII
1924 1770 2021 1833 473
2052 1758 2217 1818 'hunc
2266 1780 2423 1816 usum
2461 1761 2783 1815 recordatus
2820 1763 2953 1817 tolle

350 1842 512 1895 colon
547 1844 652 1896 XII
691 1850 790 1901 110
824 1849 884 1901 in
919 1849 1044 1918 fine,
1097 1855 1159 1904 ut
1194 1852 1438 1920 reposito
1465 1858 1738 1908 commate
1770 1853 2040 1923 apodosin
2070 1870 2102 1905 a
2126 1852 2353 1905 vocibus
2391 1846 2523 1901 τούς
2560 1850 2620 1899 δὲ
2657 1843 2954 1905 τοιούτους·

349 1929 707 1997 incipientem
742 1936 942 1989 reddas
978 1938 1161 1991 verbis
1198 1934 1332 1991 τούς·
1367 1940 1428 1987 δὲ
1471 1944 1845 2009 φαυλοτέρους
1885 1970 1944 1979 -
1988 1940 2262 1991 δοκοῦσιν.

1 5007 336 5025 ι-μωιικ-Α--ι,
353 5022 376 5025 -,
389 5022 408 5027 -,
463 5024 468 5026 .
479 5007 501 5027 „⁸
