3237 5131
297 479 559 552 [ad'cap.
584 485 622 536 Ι.
675 501 681 516 ³

2823 358 2922 415 ‘99

1092 526 1149 606 c)
1198 521 1315 588 Ad
1360 522 1818 625 epistula-m
1862 500 2477 590 De‘mon'iceam.

840 659 1161 726 Theodori
1189 663 1233 736 ¹)
1281 668 1520 768 poetae
1560 661 1804 725 dictum
1851 661 2024 743 apud
2069 661 2298 729 Athen.
2345 663 2646 726 111.122b
2691 663 2766 730 τὸ
2813 689 2918 728 κε-

634 743 831 812 λεύειν
873 747 1029 829 μὲν
1034 744 1240 812 πλέον
1284 743 1447 828 ἔχειν
1490 746 1782 812 ἐπαινεῖν
1837 746 1908 812 δὲ
1951 745 2026 812 τὸ
2055 743 2215 812 ἶσον
2274 750 2438 813 adeo
2500 771 2645 814 cum
2706 753 2918 815 verbis

608 831 881 941 [Iseon]
929 834 960 897 I
1010 839 1099 899 38
1133 829 1584 941 παρᾶσκεύαζε
1625 831 1906 898 σεαυτὸν
1948 835 2352 900 πλεονεκτεῖν
2408 834 2524 916 μὲν
2559 834 2916 914 δύνασθαι,

634 916 857 1001 ἀνέχου
896 920 968 985 δὲ
1011 917 1088 985 τὸ
1143 915 1287 984 ι’σον
1330 917 1490 1001 ἔχων
1535 913 1874 1000 consentit,
1922 928 1995 984 ut
2024 917 2187 985 illud
2215 921 2442 986 horum
2474 923 2670 988 fuisse
2705 946 2916 988 exem-

634 1007 808 1090 plum
852 1007 1076 1089 negari
1135 1008 1239 1070 vix
1300 1008 1537 1090 possit3
1586 1007 1985 1072 Theodorus
2048 1009 2218 1072 enim
2278 999 2385 1072 1116
2447 1011 2748 1091 antiquus
2799 1011 2917 1074 fuit

584 1117 589 1122 ·
631 1101 841 1178 poeta,
890 1096 1127 1176 quippe
1196 1095 1299 1158 cui
1345 1116 1384 1159 a
1430 1093 1892 1176 CephisodorO,
1962 1115 2153 1176 quem
2213 1095 2580 1160 Athenaeus
2628 1098 2916 1172 exc11b1t

630 1181 1051 1246 Archilochus
1098 1181 1449 1262 Sophocles
1486 1181 1830 1262 Euripides
1885 1168 2335 1264 adiungantur.
2428 1182 2564 1259 Quo
2612 1191 2954 1248 concesso

558 1273 587 1328 “.
633 1269 848 1331 statim
879 1266 1291 1349 intellegitur
1344 1267 1511 1345 male
1574 1289 1685 1332 eos
1730 1267 1959 1331 fecisse
2022 1269 2132 1349 qui
2176 1266 2252 1332 τὸ
2299 1275 2449 1332 ante
2496 1264 2640 1333 ἴσον
2700 1271 2916 1334 deleie

631 1354 976 1418 voluerint:
1025 1375 1255 1438 nempe
1302 1356 1412 1453 qui
1456 1354 1910 1419 Demoniceam
1956 1355 2336 1436 composuit,
2397 1358 2784 1421 sententiam
2841 1379 2918 1420 ex

630 1429 952 1512 Theodori
994 1439 1160 1504 libro
1206 1442 1424 1504 nescio
1471 1462 1596 1522 quo
1659 1443 1724 1504 in
1753 1449 1971 1504 suum
2017 1441 2300 1504 deduxit.
2324 1443 2434 1523 2)
2471 1441 2653 1518 Quod
2700 1451 2918 1507 autem

589 1585 593 1588 .
630 1547 755 1592 uno
800 1528 943 1591 loco
974 1528 1214 1590 factum
1251 1548 1392 1591 esse
1422 1527 1732 1607 videmus,
1779 1528 1952 1591 idem
1979 1549 2190 1609 nonne
2224 1528 2304 1592 de
2337 1529 2480 1591 aliis
2513 1529 2710 1592 etiam
2741 1531 2914 1592 coni-

600 1961 871 2024 .reiecta
932 1961 1000 2024 id
1044 1982 1242 2026 unum
1288 1966 1529 2042 specte,
1597 1981 1754 2024 num
1795 1961 1936 2025 iure
1983 1961 2296 2043 Bergkius
2359 1961 2564 2042 (PLG
2610 1961 2715 2025 H4
2763 1967 2914 2035 376)
2971 1988 2975 1990 ·

630 1635 772 1679 cere
810 1613 1009 1677 licet?
1056 1612 1712 1695 Circumspiciendum
1758 1615 1956 1695 igitur
1998 1614 2120 1678 fuit
2164 1623 2317 1678 num
2356 1636 2436 1678 ex
2484 1615 2576 1694 iis,
2625 1637 2790 1697 quae
2840 1638 2916 1679 ex

626 1701 1045 1784 scriptoribus
1090 1699 1396 1764 Isocratis
1443 1707 1661 1765 aetate
1709 1700 2184 1783 antiquioribus
2231 1702 2476 1765 tradita
2521 1709 2686 1780 sunt,
2752 1703 2912 1766 haec

628 1785 739 1851 illa
784 1793 901 1873 aut·
942 1786 1319 1869 simpliciter
1363 1793 1630 1869 recepta
1674 1794 1788 1851 aut
1831 1787 2067 1851 leniter
2118 1794 2368 1852 mutata
2412 1789 2478 1852 in
2524 1787 2914 1858 Demonicea

628 1875 1095 1955 reperirentur:
1157 1895 1325 1936 nunc
1384 1894 1537 1938 vero
1584 1875 1963 1972 quaestione
2017 1875 2139 1939 hac
2183 1877 2252 1937 in
2297 1877 2618 1956 posterius
2665 1883 2917 1958 tempus

629 2053 1015 2129 conquestus
1054 2047 1164 2126 sit,
1230 2052 1474 2110 temere
1522 2051 1587 2110 61
1630 2053 1882 2111 veteres
1929 2052 1995 2110 et
2039 2045 2320 2111 nostros
2342 2048 2599 2111 criticos
2643 2048 2914 2112 Isociati

628 2134 1030 2198 abiudicasse
1054 2139 1405 2216 praecepta
1421 2127 1533 2197 ‘ad
1556 2127 2020 2208 Demonicum',
2048 2154 2211 2216 quae
2241 2133 2540 2198 Isocratis
2566 2135 2916 2216 discipulus

604 2227 693 2298 ὁ61
737 2220 1120 2285 Aristoteles
1166 2222 1531 2302 agnossent
1594 2183 2020 2285 Aristoteles3
2069 2221 2279 2301 inquit
2327 2214 2607 2284 videtur
2650 2227 2722 2284 ut
2767 2223 2913 2296 alia„

628 2307 721 2371 ita
766 2307 963 2371 etiam
1022 2306 1198 2370 istud
1244 2307 1640 2372 Isocrateum
1685 2313 2102 2390 praeceptum
2131 2313 2455 2404 tanquam
2502 2306 2911 2370 inhonestum

600 2467 603 2470 ⁴
630 2399 705 2475 (..
726 2394 767 2472 .)
796 2387 1257 2474 -castigavisse',
1305 2393 1547 2458 Contra
1576 2392 1740 2459 haec
1766 2394 1930 2458 nihil
1958 2391 2168 2458 habeo
2198 2415 2392 2499 quam
2423 2395 2566 2482 ipsa
2598 2394 2909 2467 Athenaei

628 2481 854 2545 verba:
901 2476 1378 2588 Κηφισόδωρος
1422 2483 1655 2586 γοῦνο
1620 2474 2096 2567 οἸσοκράτους
2135 2481 2256 2550 τοῦ
2287 2473 2568 2588 ῥήτορος
2611 2479 2915 2588 μαθητιίς

627 2565 693 2630 ἒν
734 2569 848 2673 τῷ
891 2584 1091 2671 τριτιιο
1150 2591 1280 2649 των
1333 2567 1499 2653 πρὸς
1540 2543 1996 2674 Ἀριστοτέλην
2047 2565 2232 2653 λέγει,
2283 2592 2382 2633 οτι
2444 2592 2617 2676 ευροι
2677 2594 2774 2647 τις
2837 2596 2916 2633 αι

624 2648 763 2717 ὑπὸ
811 2655 941 2718 τῶν
998 2646 1211 2721 ἄλλων
1254 2658 1545 2763 ποιητῶν
1588 2649 1658 2760 ἢ
1691 2653 1803 2718 καὶ
1853 2657 2185 2761 σοφιστῶν
2222 2650 2290 2718 ἐν
2333 2650 2400 2759 ἢ
2422 2653 2536 2721 δύο
2563 2658 2793 2763 γοῦν
2781 2682 2909 2721 ιο-

628 2742 837 2846 νηρῶς
886 2736 1212 2847 εἰρημένα,
1301 2731 1411 2806 οἶα
1478 2739 1664 2847 παρὰ
1729 2741 1847 2822 μὲν
1912 2735 2264 2848 Ἀρχιλόχιι)
2332 2740 2406 2809 τὸ
2475 2740 2668 2807 πάντ’
2741 2736 2913 2827 ἄιὸρ

626 2822 1167 2905 ἀποσκολύπτειν,
1204 2823 1531 2935 Θεοδώρεια
1564 2826 1638 2893 de*
1667 2826 1742 2892 τὸ
1766 2826 2039 2892 κελεύειν
2057 2826 2176 2932 μὲν
2204 2824 2460 2891 πλέον’
2433 2852 2595 2907 εχειν
2625 2828 2806 2893 ἑκταιι
2812 2835 2917 2894 εῖν
3002 2828 3004 2830 1

498 2938 501 2945 ·
552 2972 559 2979 .
628 2912 697 2977 δὲ
740 2911 817 2984 τὸ
853 2909 1015 2993 ι’σον,
1032 2909 1386 3022 Εὗριπίᾷιιῑ
1418 2938 1487 2979 τε
1516 2914 1592 2979 τὸ
1610 2912 1744 3019 τὴν
1773 2907 2124 3063 γλῶττοιν
2094 2912 2501 2996 ομωμοκέναι
2515 2912 2748 3022 φάναι,
2800 2916 2908 2979 καὶ

628 3001 950 3107 Σοφοκλεῖ
978 3000 1055 3065 τὸ
1085 3026 1152 3065 εν
1183 2998 1547 3083 Αἰθιοψιν
1554 3025 1825 3110 ειρημει
1827 3024 1930 3065 ον
2021 2995 2323 3114 Ομιξριιυ
2361 3000 2432 3065 δὲ
2461 2999 2535 3065 τὸ
2554 2999 2686 3107 τὴν
2705 2998 2916 3085 ‘'HQccv

627 3086 1086 3193 ἐπιβουλεῦσαι
1105 3091 1198 3173 τῷ
1224 3086 1329 3153 Act
1357 3088 1468 3153 καὶ
1501 3087 1613 3154 τὸν
1623 3083 1798 3177 ’.Ἁρη
1819 3085 2154 3170 μοιχεύειν.
2204 3088 2303 3173 εφ’
2339 3078 2439 3164 οἷς
2467 3084 2706 3158 πάντες
2752 3112 2909 3151 κοιτ-

626 3198 856 3261 ηγοροι
846 3195 965 3237 σιν
1010 3169 1262 3239 αὐτῶν.
1312 3176 1445 3252 Qui
1480 3176 1802 3242 Theodori
1842 3176 2085 3240 dictum
2131 3176 2212 3240 ab
2247 3176 2531 3239 Isocrate
2576 3182 2911 3273 receptum

626 3282 767 3324 esse
800 3262 1243 3326 demonstrare
1274 3262 1476 3327 voluit
1506 3270 1703 3345 atque
1735 3263 1885 3326 inde
1917 3259 2240 3327 oratorem
2283 3263 2389 3326 de
2369 3262 2648 3346 endere,
2699 3262 2752 3325 is
2785 3284 2912 3325 ιιοιι

626 3347 719 3411 ita
750 3353 822 3411 ut
847 3346 1321 3430 Cephisodorus
1353 3356 1586 3432 poetae
1624 3350 2014 3414 sententiam
2043 3348 2336 3430 proferre
2373 3350 2624 3430 potuit3
2657 3354 2910 3412 tantum

629 3435 799 3497 enim
844 3435 1047 3514 abest⁷
1096 3442 1199 3500 ut
1214 3437 1688 3518 Cephisodorus
1735 3435 2143 3500 Theodorum
2187 3436 2492 3499 Isocratis
2547 3436 2908 3533 exemplum

625 3520 823 3589 fuisse
894 3486 1087 3595 dicat,
1156 3530 1228 3586 ut
1290 3545 1436 3586 eum
1484 3524 1667 3603 inter
1733 3524 1894 3587 alios
1963 3522 2313 3603 scriptores
2381 3530 2730 3595 enumeret,
2803 3524 2908 3602 qui

624 3628 754 3671 non
798 3608 1128 3674 laudanda
1175 3611 1386 3673 cuncti
1432 3610 1851 3688 protulerant.
1899 3610 2017 3674 Est
2055 3608 2258 3690 'igitur
2304 3607 2549 3671 dictum
2587 3607 2909 3671 Theodori

623 3700 697 3758 ut
753 3700 972 3783 cetera
1001 3778 1007 3783 .
1032 3697 1325 3783 exempla
1390 3693 1591 3781 allata
1613 3719 1690 3785 “a
1753 3695 2188 3777 Cephisodoro
2250 3695 2606 3776 prolatum.
2651 3695 2733 3757 ad
2797 3695 2908 3757 ‹le-

524 3888 565 3955 ·¹)
604 3885 920 3951 Quae-dum
956 3886 1154 3950 scriboss,
1182 3889 1417 3953 quartae
1452 3877 1750 3953 lyricorum
1769 3870 1998 3952 Bergkii
2035 3884 2292 3939 editionis
2319 3884 2490 3952 ⁸'copia
2515 3884 2650 3935 mihi
2669 3883 2748 3951 fit,
2801 3904 2906 3951 qua

290 3961 473 4035 video
509 3972 703 4029 virum,
746 3960 908 4040 quem
943 3973 1084 4034 luce,
1103 3990 1215 4025 non
1251 3973 1361 4025 iam
1401 3971 1510 4027 frui
1546 3990 1709 4025 nemo
1747 3976 1831 4025 est
1853 3972 1985 4039 quin
2023 3971 2224 4035 doleat,
2257 3989 2397 4041 quae
2435 3971 2747 4038 prolaturus
2788 3990 2906 4024 sum

252 4062 257 4065 ’
286 4062 510 4117 leviter
543 4059 656 4112 iam
694 4063 989 4127 tractasse3
1028 4060 1261 4112 inscium
1298 4055 1445 4112 illius
1471 4060 1756 4113 doctrinae
1792 4076 1880 4113 me
1910 4059 2046 4111 haec
2079 4059 2359 4127 scripsisse
2396 4058 2516 4125 ipsa
2539 4074 2628 4111 res
2654 4056 2906 4124 docebit3

285 4149 630 4219 priusquam
668 4146 816 4199 enim
853 4147 1031 4200 altera
1074 4164 1202 4215 pars
1245 4148 1574 4200 novissimae
1625 4147 1774 4199 illius
1823 4146 2080 4200 editionis
2126 4146 2276 4200 edita
2307 4148 2472 4213 esset,
2521 4145 2702 4213 prima
2739 4163 2905 4211 quae-

294 4234 509 4291 stionis
546 4234 883 4287 lineamenta
920 4234 1069 4286 duxi.

524 4322 564 4389 2)
604 4316 879 4375 Theodori
929 4322 1260 4373 sententiam
1306 4318 1417 4374 iam
1465 4322 1766 4389 Einipides
1808 4322 1978 4388 novit,
2034 4321 2101 4375 cf.
2151 4282 2354 4374 Phoen.
2410 4321 2513 4374 535
2563 4337 2705 4387 sqq.:
2766 4324 2903 4369 κεῖνο

290 4408 545 4475 κάλλιον,
593 4411 795 4474 τέκνῳ,
839 4402 1091 4474 ιὀότητᾳ
1117 4410 1282 4466 τιμᾶν
1320 4450 1331 4460 .
1372 4450 1383 4461 .
1425 4450 1434 4460 .
1472 4424 1538 4458 το
1578 4429 1685 4477 γαρ
1735 4409 1854 4459 ἴσον
1902 4406 2132 4467 νόμιμον
2171 4402 2490 4477 ἄνθ-ρωποις
2540 4410 2634 4468 ἔφυ
2681 4448 2691 4457 .
2733 4447 2743 4457 .
2787 4447 2796 4457 .
2839 4404 2902 4455 σύ

290 4498 345 4545 ‹5’
391 4489 492 4545 οὐκΙ
532 4490 761 4549 ἀνέξῃ,
804 4492 1065 4553 δωμάτων
1104 4498 1272 4555 ἔχων
1307 4496 1457 4546 ἴσον
1498 4496 1592 4545 καὶ
1627 4497 1758 4563 τῷδ’
1797 4492 2114 4559 οἷπονὲμιιη

2494 4605 2555 4629 ι-Ὶ·

2502 4617 2555 4651 ι..
