<?xml version="1.0" encoding="UTF-8"?>
<!DOCTYPE html PUBLIC "-//W3C//DTD XHTML 1.0 Transitional//EN"
    "http://www.w3.org/TR/xhtml1/DTD/xhtml1-transitional.dtd">
<html xmlns="http://www.w3.org/1999/xhtml" xml:lang="en" lang="en">
 <head>
  <title>
</title>
<meta http-equiv="Content-Type" content="text/html;charset=utf-8" />
  <meta name='ocr-system' content='tesseract 3.04.00' />
  <meta name='ocr-capabilities' content='ocr_page ocr_carea ocr_par ocr_line ocrx_word'/>
</head>
<body>
  <div class='ocr_page' id='page_1' title='image "./analectaisocrat00isocgoog_0010.png"; bbox 0 0 3237 5131; ppageno 0'>
   <div class='ocr_carea' id='block_1_1' title="bbox 2773 380 2892 445">
    <p class='ocr_par' dir='ltr' id='par_1_1' title="bbox 2773 380 2892 445">
     <span class='ocr_line' id='line_1_1' title="bbox 2773 380 2892 445; baseline 0.017 -2"><span class='ocrx_word' id='word_1_1' title='bbox 2773 380 2892 445; x_wconf 89' lang='lat' dir='ltr'><em>VII</em></span> 
     </span>
    </p>
   </div>
   <div class='ocr_carea' id='block_1_2' title="bbox 210 538 2917 4181">
    <p class='ocr_par' dir='ltr' id='par_1_2' title="bbox 210 538 2917 4181">
     <span class='ocr_line' id='line_1_2' title="bbox 293 538 2899 628; baseline -0.004 -14"><span class='ocrx_word' id='word_1_2' title='bbox 293 549 475 614; x_wconf 88' lang='lat' dir='ltr'><em>modo</em></span> <span class='ocrx_word' id='word_1_3' title='bbox 530 551 597 611; x_wconf 76' lang='lat' dir='ltr'><em>in</em></span> <span class='ocrx_word' id='word_1_4' title='bbox 657 544 1021 611; x_wconf 78' lang='lat' dir='ltr'><em>eoecursibus</em></span> <span class='ocrx_word' id='word_1_5' title='bbox 1084 546 1372 628; x_wconf 85' lang='lat' dir='ltr'><em>criticam</em></span> <span class='ocrx_word' id='word_1_6' title='bbox 1433 553 1626 606; x_wconf 86' lang='lat' dir='ltr'><em>artem</em></span> <span class='ocrx_word' id='word_1_7' title='bbox 1675 543 1975 605; x_wconf 74' lang='lat' dir='ltr'><em>excercui.</em></span> <span class='ocrx_word' id='word_1_8' title='bbox 2071 538 2320 606; x_wconf 80' lang='lat' dir='ltr'><em>Recessi</em></span> <span class='ocrx_word' id='word_1_9' title='bbox 2379 552 2586 605; x_wconf 80' lang='lat' dir='ltr'><em>autem</em></span> <span class='ocrx_word' id='word_1_10' title='bbox 2641 545 2758 605; x_wconf 88' lang='lat' dir='ltr'><em>hac</em></span> <span class='ocrx_word' id='word_1_11' title='bbox 2821 544 2899 604; x_wconf 87' lang='lat' dir='ltr'><em>ab</em></span> 
     </span>
     <span class='ocr_line' id='line_1_3' title="bbox 295 647 2903 734; baseline -0.003 -14"><span class='ocrx_word' id='word_1_12' title='bbox 295 659 540 720; x_wconf 85' lang='lat' dir='ltr'><em>ratione</em></span> <span class='ocrx_word' id='word_1_13' title='bbox 585 656 669 718; x_wconf 89' lang='lat' dir='ltr'><em>iis</em></span> <span class='ocrx_word' id='word_1_14' title='bbox 714 653 866 714; x_wconf 87' lang='lat' dir='ltr'><em>solis</em></span> <span class='ocrx_word' id='word_1_15' title='bbox 913 651 1084 729; x_wconf 88' lang='lat' dir='ltr'><em>locis,</em></span> <span class='ocrx_word' id='word_1_16' title='bbox 1133 647 1356 734; x_wconf 79' lang='lat' dir='ltr'><em>quibus</em></span> <span class='ocrx_word' id='word_1_17' title='bbox 1401 669 1498 709; x_wconf 88' lang='lat' dir='ltr'><em>res</em></span> <span class='ocrx_word' id='word_1_18' title='bbox 1544 647 1792 708; x_wconf 86' lang='lat' dir='ltr'><em>duabus</em></span> <span class='ocrx_word' id='word_1_19' title='bbox 1839 647 2108 709; x_wconf 81' lang='lat' dir='ltr'><em>tribusre</em></span> <span class='ocrx_word' id='word_1_20' title='bbox 2133 647 2367 709; x_wconf 74' lang='lat' dir='ltr'><em>voculis</em></span> <span class='ocrx_word' id='word_1_21' title='bbox 2394 649 2708 731; x_wconf 75' lang='lat' dir='ltr'><em>appositis</em></span> <span class='ocrx_word' id='word_1_22' title='bbox 2738 650 2903 711; x_wconf 83' lang='lat' dir='ltr'><em>inter</em></span> 
     </span>
     <span class='ocr_line' id='line_1_4' title="bbox 298 750 2902 839; baseline -0.002 -18"><span class='ocrx_word' id='word_1_23' title='bbox 298 761 584 824; x_wconf 80' lang='lat' dir='ltr'><em>lectiones</em></span> <span class='ocrx_word' id='word_1_24' title='bbox 638 756 999 820; x_wconf 79' lang='lat' dir='ltr'><em>diiudicari</em></span> <span class='ocrx_word' id='word_1_25' title='bbox 1051 755 1269 839; x_wconf 86' lang='lat' dir='ltr'><em>potuit</em></span> <span class='ocrx_word' id='word_1_26' title='bbox 1283 775 1306 833; x_wconf 89' lang='lat'><em>;</em></span> <span class='ocrx_word' id='word_1_27' title='bbox 1375 751 1484 813; x_wconf 83' lang='lat' dir='ltr'><em>ubi</em></span> <span class='ocrx_word' id='word_1_28' title='bbox 1529 750 1783 814; x_wconf 87' lang='lat' dir='ltr'><em>testibus</em></span> <span class='ocrx_word' id='word_1_29' title='bbox 1830 754 1997 813; x_wconf 85' lang='lat' dir='ltr'><em>inter</em></span> <span class='ocrx_word' id='word_1_30' title='bbox 2049 774 2109 812; x_wconf 88' lang='lat' dir='ltr'><em>se</em></span> <span class='ocrx_word' id='word_1_31' title='bbox 2161 750 2667 834; x_wconf 71' lang='lat' dir='ltr'><em>discrepantibus</em></span> <span class='ocrx_word' id='word_1_32' title='bbox 2727 754 2902 816; x_wconf 80' lang='lat' dir='ltr'><em>nullo</em></span> 
     </span>
     <span class='ocr_line' id='line_1_5' title="bbox 302 855 2904 941; baseline -0.003 -14"><span class='ocrx_word' id='word_1_33' title='bbox 302 863 472 927; x_wconf 75' lang='lat' dir='ltr'><em>verbo</em></span> <span class='ocrx_word' id='word_1_34' title='bbox 517 885 717 926; x_wconf 89' lang='lat' dir='ltr'><em>meam</em></span> <span class='ocrx_word' id='word_1_35' title='bbox 761 861 1126 922; x_wconf 75' lang='lat' dir='ltr'><em>sententiam</em></span> <span class='ocrx_word' id='word_1_36' title='bbox 1172 856 1550 941; x_wconf 68' lang='lat' dir='ltr'><em>siqnifi&#39;cavi,</em></span> <span class='ocrx_word' id='word_1_37' title='bbox 1611 879 1749 918; x_wconf 89' lang='lat' dir='ltr'><em>eam</em></span> <span class='ocrx_word' id='word_1_38' title='bbox 1806 877 1898 918; x_wconf 88' lang='lat' dir='ltr'><em>me</em></span> <span class='ocrx_word' id='word_1_39' title='bbox 1962 857 2125 917; x_wconf 83' lang='lat' dir='ltr'><em>tueri</em></span> <span class='ocrx_word' id='word_1_40' title='bbox 2182 857 2335 917; x_wconf 89' lang='lat' dir='ltr'><em>scito</em></span> <span class='ocrx_word' id='word_1_41' title='bbox 2398 855 2733 937; x_wconf 86' lang='lat' dir='ltr'><em>lectionem,</em></span> <span class='ocrx_word' id='word_1_42' title='bbox 2798 860 2904 921; x_wconf 84' lang='lat' dir='ltr'><em>cui</em></span> 
     </span>
     <span class='ocr_line' id='line_1_6' title="bbox 293 959 2903 1053; baseline -0.002 -23"><span class='ocrx_word' id='word_1_43' title='bbox 293 969 576 1053; x_wconf 83' lang='lat' dir='ltr'><em>primam</em></span> <span class='ocrx_word' id='word_1_44' title='bbox 620 965 820 1028; x_wconf 77' lang='lat' dir='ltr'><em>sedem</em></span> <span class='ocrx_word' id='word_1_45' title='bbox 867 965 1154 1027; x_wconf 79' lang='lat' dir='ltr'><em>concessi.</em></span> <span class='ocrx_word' id='word_1_46' title='bbox 1249 962 1324 1023; x_wconf 91' lang='lat' dir='ltr'><em>In</em></span> <span class='ocrx_word' id='word_1_47' title='bbox 1388 962 1548 1045; x_wconf 79' lang='lat' dir='ltr'><em>ipsis</em></span> <span class='ocrx_word' id='word_1_48' title='bbox 1610 983 1750 1023; x_wconf 80' lang='lat' dir='ltr'><em>vero</em></span> <span class='ocrx_word' id='word_1_49' title='bbox 1799 959 2165 1043; x_wconf 63' lang='lat' dir='ltr'><em>adfer-endis</em></span> <span class='ocrx_word' id='word_1_50' title='bbox 2213 959 2580 1024; x_wconf 76' lang='lat' dir='ltr'><em>lectionibus</em></span> <span class='ocrx_word' id='word_1_51' title='bbox 2624 965 2903 1025; x_wconf 81' lang='lat' dir='ltr'><em>minutas</em></span> 
     </span>
     <span class='ocr_line' id='line_1_7' title="bbox 299 1063 2904 1156; baseline -0.001 -22"><span class='ocrx_word' id='word_1_52' title='bbox 299 1073 547 1156; x_wconf 69' lang='lat' dir='ltr'><em>neyleoei</em></span> <span class='ocrx_word' id='word_1_53' title='bbox 590 1072 979 1155; x_wconf 73' lang='lat' dir='ltr'><em>potioresque</em></span> <span class='ocrx_word' id='word_1_54' title='bbox 1024 1071 1121 1130; x_wconf 88' lang='lat' dir='ltr'><em>ita</em></span> <span class='ocrx_word' id='word_1_55' title='bbox 1165 1068 1369 1151; x_wconf 70' lang='lat' dir='ltr'><em>seleyi,</em></span> <span class='ocrx_word' id='word_1_56' title='bbox 1431 1076 1502 1128; x_wconf 88' lang='lat' dir='ltr'><em>ut</em></span> <span class='ocrx_word' id='word_1_57' title='bbox 1547 1067 1714 1129; x_wconf 86' lang='lat' dir='ltr'><em>iusto</em></span> <span class='ocrx_word' id='word_1_58' title='bbox 1753 1064 1973 1148; x_wconf 83' lang='lat' dir='ltr'><em>plures</em></span> <span class='ocrx_word' id='word_1_59' title='bbox 2006 1063 2293 1148; x_wconf 82' lang='lat' dir='ltr'><em>fortasse</em></span> <span class='ocrx_word' id='word_1_60' title='bbox 2338 1077 2554 1129; x_wconf 79' lang='lat' dir='ltr'><em>notare</em></span> <span class='ocrx_word' id='word_1_61' title='bbox 2599 1070 2904 1131; x_wconf 77' lang='lat' dir='ltr'><em>studerem</em></span> 
     </span>
     <span class='ocr_line' id='line_1_8' title="bbox 299 1168 2899 1260; baseline -0 -23"><span class='ocrx_word' id='word_1_62' title='bbox 299 1199 486 1260; x_wconf 77' lang='lat' dir='ltr'><em>quam</em></span> <span class='ocrx_word' id='word_1_63' title='bbox 534 1176 923 1237; x_wconf 80' lang='lat' dir='ltr'><em>contrariam</em></span> <span class='ocrx_word' id='word_1_64' title='bbox 962 1175 1035 1234; x_wconf 71' lang='lat' dir='ltr'><em>in‘</em></span> <span class='ocrx_word' id='word_1_65' title='bbox 1070 1181 1322 1257; x_wconf 85' lang='lat' dir='ltr'><em>partem</em></span> <span class='ocrx_word' id='word_1_66' title='bbox 1367 1192 1640 1254; x_wconf 85' lang='lat' dir='ltr'><em>peccare.</em></span> <span class='ocrx_word' id='word_1_67' title='bbox 1689 1168 2029 1252; x_wconf 81' lang='lat' dir='ltr'><em>Adscripsi</em></span> <span class='ocrx_word' id='word_1_68' title='bbox 2073 1180 2278 1232; x_wconf 62' lang='lat' dir='ltr'><em>atatem</em></span> <span class='ocrx_word' id='word_1_69' title='bbox 2324 1173 2705 1255; x_wconf 80' lang='lat' dir='ltr'><em>scriptorum</em></span> <span class='ocrx_word' id='word_1_70' title='bbox 2736 1173 2899 1236; x_wconf 88' lang='lat' dir='ltr'><em>locos</em></span> 
     </span>
     <span class='ocr_line' id='line_1_9' title="bbox 300 1272 2903 1360; baseline -0.002 -18"><span class='ocrx_word' id='word_1_71' title='bbox 300 1302 521 1360; x_wconf 81' lang='lat' dir='ltr'><em>omnes,</em></span> <span class='ocrx_word' id='word_1_72' title='bbox 569 1280 823 1342; x_wconf 85' lang='lat' dir='ltr'><em>etiamsi</em></span> <span class='ocrx_word' id='word_1_73' title='bbox 865 1279 1088 1340; x_wconf 87' lang='lat' dir='ltr'><em>scirem</em></span> <span class='ocrx_word' id='word_1_74' title='bbox 1133 1273 1335 1337; x_wconf 87' lang='lat' dir='ltr'><em>alium</em></span> <span class='ocrx_word' id='word_1_75' title='bbox 1380 1275 1552 1336; x_wconf 72' lang='lat' dir='ltr'><em>alius</em></span> <span class='ocrx_word' id='word_1_76' title='bbox 1596 1296 1721 1337; x_wconf 87' lang='lat' dir='ltr'><em>esse</em></span> <span class='ocrx_word' id='word_1_77' title='bbox 1755 1272 2021 1357; x_wconf 61' lang='lat' dir='ltr'><em>fontem,</em></span> <span class='ocrx_word' id='word_1_78' title='bbox 2076 1296 2201 1334; x_wconf 82' lang='lat' dir='ltr'><em>non</em></span> <span class='ocrx_word' id='word_1_79' title='bbox 2248 1297 2366 1358; x_wconf 83' lang='lat' dir='ltr'><em>quo</em></span> <span class='ocrx_word' id='word_1_80' title='bbox 2407 1276 2561 1359; x_wconf 83' lang='lat' dir='ltr'><em>quid</em></span> <span class='ocrx_word' id='word_1_81' title='bbox 2607 1299 2715 1339; x_wconf 86' lang='lat' dir='ltr'><em>nos</em></span> <span class='ocrx_word' id='word_1_82' title='bbox 2758 1276 2903 1338; x_wconf 81' lang='lat' dir='ltr'><em>inde</em></span> 
     </span>
     <span class='ocr_line' id='line_1_10' title="bbox 299 1378 2903 1468; baseline -0.001 -23"><span class='ocrx_word' id='word_1_83' title='bbox 299 1385 593 1466; x_wconf 81' lang='lat' dir='ltr'><em>proficere</em></span> <span class='ocrx_word' id='word_1_84' title='bbox 631 1405 812 1468; x_wconf 89' lang='lat' dir='ltr'><em>posse</em></span> <span class='ocrx_word' id='word_1_85' title='bbox 859 1381 1179 1461; x_wconf 77' lang='lat' dir='ltr'><em>crede-rem,</em></span> <span class='ocrx_word' id='word_1_86' title='bbox 1225 1378 1334 1441; x_wconf 89' lang='lat' dir='ltr'><em>sed</em></span> <span class='ocrx_word' id='word_1_87' title='bbox 1368 1381 1520 1463; x_wconf 79' lang='lat' dir='ltr'><em>quia</em></span> <span class='ocrx_word' id='word_1_88' title='bbox 1561 1378 1910 1462; x_wconf 88' lang='lat' dir='ltr'><em>primarios</em></span> <span class='ocrx_word' id='word_1_89' title='bbox 1957 1388 2200 1441; x_wconf 80' lang='lat' dir='ltr'><em>tantu-m</em></span> <span class='ocrx_word' id='word_1_90' title='bbox 2247 1390 2530 1442; x_wconf 81' lang='lat' dir='ltr'><em>auctores</em></span> <span class='ocrx_word' id='word_1_91' title='bbox 2560 1383 2903 1457; x_wconf 81' lang='lat' dir='ltr'><em>nominare,</em></span> 
     </span>
     <span class='ocr_line' id='line_1_11' title="bbox 210 1482 2904 1574; baseline -0.001 -25"><span class='ocrx_word' id='word_1_92' title='bbox 210 1551 216 1553; x_wconf 19' lang='grc' dir='ltr'><strong><em>Δ</em></strong></span> <span class='ocrx_word' id='word_1_93' title='bbox 303 1489 466 1574; x_wconf 79' lang='lat' dir='ltr'><em>qnod</em></span> <span class='ocrx_word' id='word_1_94' title='bbox 509 1489 578 1554; x_wconf 83' lang='lat' dir='ltr'><em>in</em></span> <span class='ocrx_word' id='word_1_95' title='bbox 624 1488 834 1549; x_wconf 78' lang='lat' dir='ltr'><em>animo</em></span> <span class='ocrx_word' id='word_1_96' title='bbox 881 1496 1036 1564; x_wconf 86' lang='lat' dir='ltr'><em>erat,</em></span> <span class='ocrx_word' id='word_1_97' title='bbox 1096 1485 1248 1548; x_wconf 84' lang='lat' dir='ltr'><em>meis</em></span> <span class='ocrx_word' id='word_1_98' title='bbox 1306 1482 1550 1545; x_wconf 85' lang='lat' dir='ltr'><em>viribus</em></span> <span class='ocrx_word' id='word_1_99' title='bbox 1609 1483 1820 1544; x_wconf 85' lang='lat' dir='ltr'><em>maius</em></span> <span class='ocrx_word' id='word_1_100' title='bbox 1878 1505 2002 1545; x_wconf 89' lang='lat' dir='ltr'><em>esse</em></span> <span class='ocrx_word' id='word_1_101' title='bbox 2049 1485 2363 1568; x_wconf 79' lang='lat' dir='ltr'><em>inceptum</em></span> <span class='ocrx_word' id='word_1_102' title='bbox 2408 1507 2554 1546; x_wconf 78' lang='lat' dir='ltr'><em>mooe</em></span> <span class='ocrx_word' id='word_1_103' title='bbox 2600 1484 2904 1562; x_wconf 72' lang='lat' dir='ltr'><em>intellexi,</em></span> 
     </span>
     <span class='ocr_line' id='line_1_12' title="bbox 301 1587 2907 1677; baseline -0.002 -23"><span class='ocrx_word' id='word_1_104' title='bbox 301 1595 413 1677; x_wconf 78' lang='lat' dir='ltr'><em>qui</em></span> <span class='ocrx_word' id='word_1_105' title='bbox 457 1594 527 1654; x_wconf 80' lang='lat' dir='ltr'><em>in</em></span> <span class='ocrx_word' id='word_1_106' title='bbox 572 1591 1108 1674; x_wconf 79' lang='lat' dir='ltr'><em>Harpocrationis</em></span> <span class='ocrx_word' id='word_1_107' title='bbox 1169 1588 1423 1651; x_wconf 86' lang='lat' dir='ltr'><em>asseclis</em></span> <span class='ocrx_word' id='word_1_108' title='bbox 1485 1588 1814 1672; x_wconf 77' lang='lat' dir='ltr'><em>ceterisque</em></span> <span class='ocrx_word' id='word_1_109' title='bbox 1875 1587 2342 1672; x_wconf 72' lang='lat' dir='ltr'><em>9l0s·&lt;09raphis</em></span> <span class='ocrx_word' id='word_1_110' title='bbox 2405 1611 2524 1651; x_wconf 82' lang='lat' dir='ltr'><em>non.</em></span> <span class='ocrx_word' id='word_1_111' title='bbox 2579 1591 2907 1665; x_wconf 74' lang='lat' dir='ltr'><em>haererem,</em></span> 
     </span>
     <span class='ocr_line' id='line_1_13' title="bbox 307 1691 2907 1778; baseline -0.002 -19"><span class='ocrx_word' id='word_1_112' title='bbox 307 1721 385 1759; x_wconf 75' lang='lat' dir='ltr'><em>esc</em></span> <span class='ocrx_word' id='word_1_113' title='bbox 426 1698 746 1759; x_wconf 77' lang='lat' dir='ltr'><em>rhetorum</em></span> <span class='ocrx_word' id='word_1_114' title='bbox 792 1695 1045 1757; x_wconf 78' lang='lat' dir='ltr'><em>scholiis</em></span> <span class='ocrx_word' id='word_1_115' title='bbox 1090 1704 1146 1756; x_wconf 92' lang='lat' dir='ltr'><em>et</em></span> <span class='ocrx_word' id='word_1_116' title='bbox 1188 1691 1600 1778; x_wconf 69' lang='lat' dir='ltr'><em>qnomoloyiis</em></span> <span class='ocrx_word' id='word_1_117' title='bbox 1645 1713 1765 1752; x_wconf 83' lang='lat' dir='ltr'><em>non</em></span> <span class='ocrx_word' id='word_1_118' title='bbox 1795 1713 1887 1754; x_wconf 91' lang='lat' dir='ltr'><em>me</em></span> <span class='ocrx_word' id='word_1_119' title='bbox 1918 1691 2309 1776; x_wconf 77' lang='lat' dir='ltr'><em>escpedirem:</em></span> <span class='ocrx_word' id='word_1_120' title='bbox 2357 1703 2559 1755; x_wconf 80' lang='lat' dir='ltr'><em>tamen</em></span> <span class='ocrx_word' id='word_1_121' title='bbox 2608 1704 2907 1777; x_wconf 79' lang='lat' dir='ltr'><em>quantum</em></span> 
     </span>
     <span class='ocr_line' id='line_1_14' title="bbox 304 1786 2907 1885; baseline -0.001 -22"><span class='ocrx_word' id='word_1_122' title='bbox 304 1803 490 1885; x_wconf 77' lang='lat' dir='ltr'><em>potui</em></span> <span class='ocrx_word' id='word_1_123' title='bbox 533 1824 743 1863; x_wconf 80' lang='lat' dir='ltr'><em>eorum</em></span> <span class='ocrx_word' id='word_1_124' title='bbox 788 1802 1166 1883; x_wconf 84' lang='lat' dir='ltr'><em>scriptorum</em></span> <span class='ocrx_word' id='word_1_125' title='bbox 1203 1799 1459 1860; x_wconf 72' lang='lat' dir='ltr'><em>nomina</em></span> <span class='ocrx_word' id='word_1_126' title='bbox 1494 1806 1549 1856; x_wconf 75' lang='lat' dir='ltr'><em>et</em></span> <span class='ocrx_word' id='word_1_127' title='bbox 1582 1798 1745 1861; x_wconf 85' lang='lat' dir='ltr'><em>locos</em></span> <span class='ocrx_word' id='word_1_128' title='bbox 1791 1799 1970 1858; x_wconf 77' lang='lat' dir='ltr'><em>uncis</em></span> <span class='ocrx_word' id='word_1_129' title='bbox 2015 1786 2267 1880; x_wconf 79' lang='lat' dir='ltr'><em>inclusi,</em></span> <span class='ocrx_word' id='word_1_130' title='bbox 2316 1821 2462 1873; x_wconf 77' lang='lat' dir='ltr'><em>quos</em></span> <span class='ocrx_word' id='word_1_131' title='bbox 2508 1800 2673 1861; x_wconf 84' lang='lat' dir='ltr'><em>inter</em></span> <span class='ocrx_word' id='word_1_132' title='bbox 2704 1820 2907 1860; x_wconf 79' lang='lat' dir='ltr'><em>omnes</em></span> 
     </span>
     <span class='ocr_line' id='line_1_15' title="bbox 307 1901 2908 1990; baseline 0 -23"><span class='ocrx_word' id='word_1_133' title='bbox 307 1916 546 1968; x_wconf 89' lang='lat' dir='ltr'><em>constat</em></span> <span class='ocrx_word' id='word_1_134' title='bbox 591 1927 669 1968; x_wconf 75' lang='lat' dir='ltr'><em>em</em></span> <span class='ocrx_word' id='word_1_135' title='bbox 714 1907 963 1966; x_wconf 80' lang='lat' dir='ltr'><em>auctore</em></span> <span class='ocrx_word' id='word_1_136' title='bbox 1006 1903 1188 1965; x_wconf 72' lang='lat' dir='ltr'><em>morlo</em></span> <span class='ocrx_word' id='word_1_137' title='bbox 1236 1904 1534 1964; x_wconf 81' lang='lat' dir='ltr'><em>arcessito</em></span> <span class='ocrx_word' id='word_1_138' title='bbox 1579 1901 1861 1985; x_wconf 84' lang='lat' dir='ltr'><em>pendere.</em></span> <span class='ocrx_word' id='word_1_139' title='bbox 1913 1901 2250 1964; x_wconf 86' lang='lat' dir='ltr'><em>Praeterea</em></span> <span class='ocrx_word' id='word_1_140' title='bbox 2298 1914 2503 1965; x_wconf 88' lang='lat' dir='ltr'><em>autem</em></span> <span class='ocrx_word' id='word_1_141' title='bbox 2548 1908 2908 1990; x_wconf 76' lang='lat' dir='ltr'><em>saepissime</em></span> 
     </span>
     <span class='ocr_line' id='line_1_16' title="bbox 289 2005 2906 2095; baseline 0.002 -27"><span class='ocrx_word' id='word_1_142' title='bbox 289 2011 547 2095; x_wconf 79' lang='lat' dir='ltr'><em>factum</em></span> <span class='ocrx_word' id='word_1_143' title='bbox 591 2020 698 2090; x_wconf 90' lang='lat' dir='ltr'><em>est,</em></span> <span class='ocrx_word' id='word_1_144' title='bbox 760 2020 831 2070; x_wconf 85' lang='lat' dir='ltr'><em>ut</em></span> <span class='ocrx_word' id='word_1_145' title='bbox 890 2009 1265 2091; x_wconf 80' lang='lat' dir='ltr'><em>interposita</em></span> <span class='ocrx_word' id='word_1_146' title='bbox 1328 2006 1561 2070; x_wconf 87' lang='lat' dir='ltr'><em>lineola</em></span> <span class='ocrx_word' id='word_1_147' title='bbox 1624 2006 1777 2067; x_wconf 88' lang='lat' dir='ltr'><em>locis</em></span> <span class='ocrx_word' id='word_1_148' title='bbox 1836 2005 1973 2067; x_wconf 78' lang='lat' dir='ltr'><em>illis</em></span> <span class='ocrx_word' id='word_1_149' title='bbox 2018 2006 2309 2069; x_wconf 77' lang='lat' dir='ltr'><em>adderem</em></span> <span class='ocrx_word' id='word_1_150' title='bbox 2370 2009 2554 2087; x_wconf 84' lang='lat' dir='ltr'><em>alios,</em></span> <span class='ocrx_word' id='word_1_151' title='bbox 2602 2032 2751 2094; x_wconf 83' lang='lat' dir='ltr'><em>quos</em></span> <span class='ocrx_word' id='word_1_152' title='bbox 2796 2011 2906 2072; x_wconf 82' lang='lat' dir='ltr'><em>du-</em></span> 
     </span>
     <span class='ocr_line' id='line_1_17' title="bbox 296 2104 2904 2198; baseline 0.001 -24"><span class='ocrx_word' id='word_1_153' title='bbox 296 2115 494 2198; x_wconf 83' lang='lat' dir='ltr'><em>plicis</em></span> <span class='ocrx_word' id='word_1_154' title='bbox 536 2116 779 2198; x_wconf 64' lang='lat' dir='ltr'><em>generis</em></span> <span class='ocrx_word' id='word_1_155' title='bbox 824 2104 946 2176; x_wconf 85' lang='lat' dir='ltr'><em>esse</em></span> <span class='ocrx_word' id='word_1_156' title='bbox 980 2111 1192 2196; x_wconf 77' lang='lat' dir='ltr'><em>facile</em></span> <span class='ocrx_word' id='word_1_157' title='bbox 1236 2110 1516 2173; x_wconf 86' lang='lat' dir='ltr'><em>videbis:</em></span> <span class='ocrx_word' id='word_1_158' title='bbox 1577 2109 1767 2172; x_wconf 85' lang='lat' dir='ltr'><em>alteri</em></span> <span class='ocrx_word' id='word_1_159' title='bbox 1824 2109 1989 2172; x_wconf 84' lang='lat' dir='ltr'><em>enim</em></span> <span class='ocrx_word' id='word_1_160' title='bbox 2041 2110 2268 2194; x_wconf 85' lang='lat' dir='ltr'><em>forma</em></span> <span class='ocrx_word' id='word_1_161' title='bbox 2330 2116 2614 2196; x_wconf 83' lang='lat' dir='ltr'><em>quamvis</em></span> <span class='ocrx_word' id='word_1_162' title='bbox 2657 2125 2904 2176; x_wconf 87' lang='lat' dir='ltr'><em>mutata</em></span> 
     </span>
     <span class='ocr_line' id='line_1_18' title="bbox 305 2201 2911 2301; baseline 0 -21"><span class='ocrx_word' id='word_1_163' title='bbox 305 2220 435 2280; x_wconf 83' lang='lat' dir='ltr'><em>sine</em></span> <span class='ocrx_word' id='word_1_164' title='bbox 467 2218 657 2280; x_wconf 76' lang='lat' dir='ltr'><em>‹Iu-bio</em></span> <span class='ocrx_word' id='word_1_165' title='bbox 689 2218 946 2280; x_wconf 81' lang='lat' dir='ltr'><em>redeunt</em></span> <span class='ocrx_word' id='word_1_166' title='bbox 991 2216 1078 2277; x_wconf 89' lang='lat' dir='ltr'><em>ad</em></span> <span class='ocrx_word' id='word_1_167' title='bbox 1120 2215 1304 2277; x_wconf 84' lang='lat' dir='ltr'><em>verba</em></span> <span class='ocrx_word' id='word_1_168' title='bbox 1332 2201 1646 2277; x_wconf 86' lang='lat' dir='ltr'><em>Isocratea</em></span> <span class='ocrx_word' id='word_1_169' title='bbox 1686 2213 1910 2298; x_wconf 77' lang='lat' dir='ltr'><em>quibus</em></span> <span class='ocrx_word' id='word_1_170' title='bbox 1948 2225 2092 2277; x_wconf 77' lang='lat' dir='ltr'><em>sunt</em></span> <span class='ocrx_word' id='word_1_171' title='bbox 2122 2217 2443 2301; x_wconf 87' lang='lat' dir='ltr'><em>apposita,</em></span> <span class='ocrx_word' id='word_1_172' title='bbox 2479 2218 2669 2281; x_wconf 82' lang='lat' dir='ltr'><em>alteri</em></span> <span class='ocrx_word' id='word_1_173' title='bbox 2705 2219 2911 2281; x_wconf 88' lang='lat' dir='ltr'><em>eodem</em></span> 
     </span>
     <span class='ocr_line' id='line_1_19' title="bbox 310 2319 2908 2407; baseline 0.001 -23"><span class='ocrx_word' id='word_1_174' title='bbox 310 2345 429 2385; x_wconf 84' lang='lat' dir='ltr'><em>non</em></span> <span class='ocrx_word' id='word_1_175' title='bbox 459 2326 589 2386; x_wconf 82' lang='lat' dir='ltr'><em>sine</em></span> <span class='ocrx_word' id='word_1_176' title='bbox 608 2322 841 2407; x_wconf 83' lang='lat' dir='ltr'><em>fructu</em></span> <span class='ocrx_word' id='word_1_177' title='bbox 873 2321 1328 2400; x_wconf 82' lang='lat' dir='ltr'><em>adsciscuntur,</em></span> <span class='ocrx_word' id='word_1_178' title='bbox 1380 2320 1524 2381; x_wconf 83' lang='lat' dir='ltr'><em>licet</em></span> <span class='ocrx_word' id='word_1_179' title='bbox 1554 2319 1836 2382; x_wconf 81' lang='lat' dir='ltr'><em>indidem</em></span> <span class='ocrx_word' id='word_1_180' title='bbox 1868 2330 2027 2382; x_wconf 86' lang='lat' dir='ltr'><em>certo</em></span> <span class='ocrx_word' id='word_1_181' title='bbox 2066 2323 2190 2382; x_wconf 79' lang='lat' dir='ltr'><em>non</em></span> <span class='ocrx_word' id='word_1_182' title='bbox 2218 2323 2463 2405; x_wconf 76' lang='lat' dir='ltr'><em>possint</em></span> <span class='ocrx_word' id='word_1_183' title='bbox 2492 2323 2792 2387; x_wconf 82' lang='lat' dir='ltr'><em>derivari.</em></span> <span class='ocrx_word' id='word_1_184' title='bbox 2827 2363 2908 2370; x_wconf 94' lang='lat'>—</span> 
     </span>
     <span class='ocr_line' id='line_1_20' title="bbox 306 2409 2909 2511; baseline -0 -20"><span class='ocrx_word' id='word_1_185' title='bbox 306 2428 691 2491; x_wconf 76' lang='lat' dir='ltr'><em>Asteriscmn</em></span> <span class='ocrx_word' id='word_1_186' title='bbox 719 2437 926 2490; x_wconf 80' lang='lat' dir='ltr'><em>autern</em></span> <span class='ocrx_word' id='word_1_187' title='bbox 956 2449 1166 2488; x_wconf 86' lang='lat' dir='ltr'><em>eorum</em></span> <span class='ocrx_word' id='word_1_188' title='bbox 1189 2427 1567 2511; x_wconf 85' lang='lat' dir='ltr'><em>scriptorum</em></span> <span class='ocrx_word' id='word_1_189' title='bbox 1590 2424 1947 2488; x_wconf 74' lang='lat' dir='ltr'><em>nominibus</em></span> <span class='ocrx_word' id='word_1_190' title='bbox 1961 2409 2263 2509; x_wconf 63' lang='lat' dir='ltr'><em>praefisci,</em></span> <span class='ocrx_word' id='word_1_191' title='bbox 2292 2414 2406 2510; x_wconf 82' lang='lat' dir='ltr'><em>qui</em></span> <span class='ocrx_word' id='word_1_192' title='bbox 2425 2427 2610 2490; x_wconf 75' lang='lat' dir='ltr'><em>rerba</em></span> <span class='ocrx_word' id='word_1_193' title='bbox 2637 2431 2909 2492; x_wconf 85' lang='lat' dir='ltr'><em>oratoris</em></span> 
     </span>
     <span class='ocr_line' id='line_1_21' title="bbox 308 2527 2908 2618; baseline 0.001 -23"><span class='ocrx_word' id='word_1_194' title='bbox 308 2543 420 2595; x_wconf 75' lang='lat' dir='ltr'><em>aut</em></span> <span class='ocrx_word' id='word_1_195' title='bbox 469 2534 533 2595; x_wconf 82' lang='lat' dir='ltr'><em>in.</em></span> <span class='ocrx_word' id='word_1_196' title='bbox 581 2531 824 2596; x_wconf 81' lang='lat' dir='ltr'><em>brevius</em></span> <span class='ocrx_word' id='word_1_197' title='bbox 869 2531 1233 2616; x_wconf 71' lang='lat' dir='ltr'><em>redeyerunt</em></span> <span class='ocrx_word' id='word_1_198' title='bbox 1279 2541 1392 2593; x_wconf 89' lang='lat' dir='ltr'><em>aut</em></span> <span class='ocrx_word' id='word_1_199' title='bbox 1438 2527 1710 2615; x_wconf 80' lang='lat' dir='ltr'><em>quemvis</em></span> <span class='ocrx_word' id='word_1_200' title='bbox 1757 2530 1959 2593; x_wconf 87' lang='lat' dir='ltr'><em>alium</em></span> <span class='ocrx_word' id='word_1_201' title='bbox 2004 2531 2074 2592; x_wconf 84' lang='lat' dir='ltr'><em>in</em></span> <span class='ocrx_word' id='word_1_202' title='bbox 2102 2531 2354 2594; x_wconf 80' lang='lat' dir='ltr'><em>modum</em></span> <span class='ocrx_word' id='word_1_203' title='bbox 2377 2531 2908 2618; x_wconf 81' lang='lat' dir='ltr'><em>deformaverunt.</em></span> 
     </span>
     <span class='ocr_line' id='line_1_22' title="bbox 307 2634 2911 2723; baseline 0 -22"><span class='ocrx_word' id='word_1_204' title='bbox 307 2637 513 2722; x_wconf 66' lang='lat' dir='ltr'><em>Siqua</em></span> <span class='ocrx_word' id='word_1_205' title='bbox 546 2639 805 2722; x_wconf 77' lang='lat' dir='ltr'><em>denique</em></span> <span class='ocrx_word' id='word_1_206' title='bbox 867 2660 1024 2721; x_wconf 80' lang='lat' dir='ltr'><em>quae</em></span> <span class='ocrx_word' id='word_1_207' title='bbox 1085 2639 1152 2699; x_wconf 83' lang='lat' dir='ltr'><em>in</em></span> <span class='ocrx_word' id='word_1_208' title='bbox 1212 2646 1541 2721; x_wconf 88' lang='lat' dir='ltr'><em>apparatu</em></span> <span class='ocrx_word' id='word_1_209' title='bbox 1600 2636 1822 2698; x_wconf 90' lang='lat' dir='ltr'><em>critico</em></span> <span class='ocrx_word' id='word_1_210' title='bbox 1868 2634 2137 2699; x_wconf 78' lang='lat' dir='ltr'><em>adhibui</em></span> <span class='ocrx_word' id='word_1_211' title='bbox 2189 2637 2490 2700; x_wconf 80' lang='lat' dir='ltr'><em>solemnia</em></span> <span class='ocrx_word' id='word_1_212' title='bbox 2551 2651 2911 2723; x_wconf 78' lang='lat' dir='ltr'><em>receptaque</em></span> 
     </span>
     <span class='ocr_line' id='line_1_23' title="bbox 307 2740 2912 2826; baseline 0 -22"><span class='ocrx_word' id='word_1_213' title='bbox 307 2753 470 2822; x_wconf 85' lang='lat' dir='ltr'><em>sunt,</em></span> <span class='ocrx_word' id='word_1_214' title='bbox 516 2743 648 2804; x_wconf 81' lang='lat' dir='ltr'><em>nisi</em></span> <span class='ocrx_word' id='word_1_215' title='bbox 678 2741 840 2826; x_wconf 80' lang='lat' dir='ltr'><em>quod</em></span> <span class='ocrx_word' id='word_1_216' title='bbox 870 2764 1148 2804; x_wconf 85' lang='lat' dir='ltr'><em>reversus</em></span> <span class='ocrx_word' id='word_1_217' title='bbox 1178 2740 1266 2801; x_wconf 91' lang='lat' dir='ltr'><em>ad</em></span> <span class='ocrx_word' id='word_1_218' title='bbox 1289 2740 1562 2803; x_wconf 79' lang='lat' dir='ltr'><em>Bekkeri</em></span> <span class='ocrx_word' id='word_1_219' title='bbox 1607 2741 2111 2803; x_wconf 83' lang='lat' dir='ltr'><em>consuetudi-nem</em></span> <span class='ocrx_word' id='word_1_220' title='bbox 2150 2742 2494 2826; x_wconf 73' lang='lat' dir='ltr'><em>vulyatam‚</em></span> <span class='ocrx_word' id='word_1_221' title='bbox 2530 2742 2912 2826; x_wconf 82' lang='lat' dir='ltr'><em>cuinsfidem</em></span> 
     </span>
     <span class='ocr_line' id='line_1_24' title="bbox 309 2845 2911 2934; baseline 0 -25"><span class='ocrx_word' id='word_1_222' title='bbox 309 2857 494 2934; x_wconf 78' lang='lat' dir='ltr'><em>atque</em></span> <span class='ocrx_word' id='word_1_223' title='bbox 539 2848 987 2909; x_wconf 85' lang='lat' dir='ltr'><em>auctoritatem</em></span> <span class='ocrx_word' id='word_1_224' title='bbox 1032 2845 1239 2907; x_wconf 85' lang='lat' dir='ltr'><em>adhuc</em></span> <span class='ocrx_word' id='word_1_225' title='bbox 1277 2866 1482 2929; x_wconf 88' lang='lat' dir='ltr'><em>paene</em></span> <span class='ocrx_word' id='word_1_226' title='bbox 1541 2846 1925 2929; x_wconf 69' lang='lat' dir='ltr'><em>incoquitam</em></span> <span class='ocrx_word' id='word_1_227' title='bbox 1997 2845 2230 2923; x_wconf 74' lang='lat' dir='ltr'><em>studiis</em></span> <span class='ocrx_word' id='word_1_228' title='bbox 2290 2848 2531 2908; x_wconf 86' lang='lat' dir='ltr'><em>criticis</em></span> <span class='ocrx_word' id='word_1_229' title='bbox 2578 2848 2911 2910; x_wconf 79' lang='lat' dir='ltr'><em>Isocratee&#39;s</em></span> 
     </span>
     <span class='ocr_line' id='line_1_25' title="bbox 311 2947 2912 3037; baseline 0.001 -26"><span class='ocrx_word' id='word_1_230' title='bbox 311 2974 449 3012; x_wconf 91' lang='lat' dir='ltr'><em>cum</em></span> <span class='ocrx_word' id='word_1_231' title='bbox 494 2949 779 3013; x_wconf 82' lang='lat' dir='ltr'><em>omnibus</em></span> <span class='ocrx_word' id='word_1_232' title='bbox 826 2959 956 3011; x_wconf 81' lang='lat' dir='ltr'><em>tum</em></span> <span class='ocrx_word' id='word_1_233' title='bbox 1000 2950 1154 3011; x_wconf 87' lang='lat' dir='ltr'><em>meis</em></span> <span class='ocrx_word' id='word_1_234' title='bbox 1199 2947 1460 3011; x_wconf 87' lang='lat' dir='ltr'><em>dubiam</em></span> <span class='ocrx_word' id='word_1_235' title='bbox 1506 2948 1827 3032; x_wconf 77' lang='lat' dir='ltr'><em>quandam</em></span> <span class='ocrx_word' id='word_1_236' title='bbox 1856 2948 2243 3033; x_wconf 80' lang='lat' dir='ltr'><em>infidamque</em></span> <span class='ocrx_word' id='word_1_237' title='bbox 2288 2952 2551 3034; x_wconf 88' lang='lat' dir='ltr'><em>speciem</em></span> <span class='ocrx_word' id='word_1_238' title='bbox 2591 2950 2912 3037; x_wconf 76' lang='lat' dir='ltr'><em>offundere</em></span> 
     </span>
     <span class='ocr_line' id='line_1_26' title="bbox 313 3046 2911 3139; baseline 0.001 -23"><span class='ocrx_word' id='word_1_239' title='bbox 313 3055 459 3117; x_wconf 88' lang='lat' dir='ltr'><em>bene</em></span> <span class='ocrx_word' id='word_1_240' title='bbox 505 3055 653 3133; x_wconf 84' lang='lat' dir='ltr'><em>scio,</em></span> <span class='ocrx_word' id='word_1_241' title='bbox 704 3054 893 3116; x_wconf 86' lang='lat' dir='ltr'><em>litera</em></span> <span class='ocrx_word' id='word_1_242' title='bbox 939 3075 979 3131; x_wconf 87' lang='grc' dir='ltr'><strong><em>ς</em></strong></span> <span class='ocrx_word' id='word_1_243' title='bbox 1009 3055 1227 3116; x_wconf 81' lang='lat' dir='ltr'><em>notavi</em></span> <span class='ocrx_word' id='word_1_244' title='bbox 1251 3064 1307 3115; x_wconf 87' lang='lat' dir='ltr'><em>et</em></span> <span class='ocrx_word' id='word_1_245' title='bbox 1333 3052 1526 3116; x_wconf 87' lang='lat' dir='ltr'><em>libros</em></span> <span class='ocrx_word' id='word_1_246' title='bbox 1552 3046 1929 3116; x_wconf 69' lang='lat' dir='ltr'><em>‘Antidosis&#39;</em></span> <span class='ocrx_word' id='word_1_247' title='bbox 1957 3077 2079 3139; x_wconf 87' lang='lat' dir='ltr'><em>per</em></span> <span class='ocrx_word' id='word_1_248' title='bbox 2102 3046 2189 3116; x_wconf 77' lang='lat' dir='ltr'><em>‘a&#39;</em></span> <span class='ocrx_word' id='word_1_249' title='bbox 2228 3056 2588 3139; x_wconf 84' lang='lat' dir='ltr'><em>compendio</em></span> <span class='ocrx_word' id='word_1_250' title='bbox 2622 3056 2911 3118; x_wconf 85' lang='lat' dir='ltr'><em>additum</em></span> 
     </span>
     <span class='ocr_line' id='line_1_27' title="bbox 310 3157 2912 3247; baseline 0.001 -27"><span class='ocrx_word' id='word_1_251' title='bbox 310 3160 600 3230; x_wconf 69' lang='lat' dir='ltr'><em>distinct-i,</em></span> <span class='ocrx_word' id='word_1_252' title='bbox 646 3157 852 3221; x_wconf 79' lang='lat' dir='ltr'><em>sicubi</em></span> <span class='ocrx_word' id='word_1_253' title='bbox 880 3160 950 3220; x_wconf 85' lang='lat' dir='ltr'><em>in</em></span> <span class='ocrx_word' id='word_1_254' title='bbox 980 3157 1365 3246; x_wconf 79' lang='lat' dir='ltr'><em>recensendis</em></span> <span class='ocrx_word' id='word_1_255' title='bbox 1386 3158 1719 3247; x_wconf 74' lang='lat' dir='ltr'><em>prioribus</em></span> <span class='ocrx_word' id='word_1_256' title='bbox 1750 3158 2145 3220; x_wconf 84' lang='lat' dir='ltr'><em>orationibus</em></span> <span class='ocrx_word' id='word_1_257' title='bbox 2177 3157 2358 3222; x_wconf 85' lang='lat' dir='ltr'><em>illius</em></span> <span class='ocrx_word' id='word_1_258' title='bbox 2391 3158 2645 3238; x_wconf 87' lang='lat' dir='ltr'><em>codices,</em></span> <span class='ocrx_word' id='word_1_259' title='bbox 2680 3162 2912 3246; x_wconf 81' lang='lat' dir='ltr'><em>quippe</em></span> 
     </span>
     <span class='ocr_line' id='line_1_28' title="bbox 313 3262 2909 3347; baseline 0 -22"><span class='ocrx_word' id='word_1_260' title='bbox 313 3286 438 3347; x_wconf 83' lang='lat' dir='ltr'><em>qua</em></span> <span class='ocrx_word' id='word_1_261' title='bbox 483 3285 571 3324; x_wconf 76' lang='lat' dir='ltr'><em>esc·</em></span> <span class='ocrx_word' id='word_1_262' title='bbox 604 3263 701 3325; x_wconf 89' lang='lat' dir='ltr'><em>his</em></span> <span class='ocrx_word' id='word_1_263' title='bbox 744 3271 1037 3346; x_wconf 76' lang='lat' dir='ltr'><em>eoecerpta</em></span> <span class='ocrx_word' id='word_1_264' title='bbox 1086 3264 1544 3341; x_wconf 73' lang='lat' dir='ltr'><em>contineantur,</em></span> <span class='ocrx_word' id='word_1_265' title='bbox 1591 3262 1662 3324; x_wconf 80' lang='lat' dir='ltr'><em>in</em></span> <span class='ocrx_word' id='word_1_266' title='bbox 1688 3285 1933 3325; x_wconf 84' lang='lat' dir='ltr'><em>censum</em></span> <span class='ocrx_word' id='word_1_267' title='bbox 1979 3285 2196 3325; x_wconf 86' lang='lat' dir='ltr'><em>vocare</em></span> <span class='ocrx_word' id='word_1_268' title='bbox 2244 3262 2447 3327; x_wconf 87' lang='lat' dir='ltr'><em>licuit.</em></span> <span class='ocrx_word' id='word_1_269' title='bbox 2496 3263 2673 3325; x_wconf 74' lang='lat' dir='ltr'><em>Illud</em></span> <span class='ocrx_word' id='word_1_270' title='bbox 2704 3275 2909 3327; x_wconf 87' lang='lat' dir='ltr'><em>autem</em></span> 
     </span>
     <span class='ocr_line' id='line_1_29' title="bbox 312 3361 2912 3453; baseline 0.002 -26"><span class='ocrx_word' id='word_1_271' title='bbox 312 3366 558 3446; x_wconf 75' lang='lat' dir='ltr'><em>reduxi,</em></span> <span class='ocrx_word' id='word_1_272' title='bbox 605 3376 676 3427; x_wconf 84' lang='lat' dir='ltr'><em>ut</em></span> <span class='ocrx_word' id='word_1_273' title='bbox 720 3364 1045 3449; x_wconf 72' lang='lat' dir='ltr'><em>vulqatam</em></span> <span class='ocrx_word' id='word_1_274' title='bbox 1077 3366 1378 3428; x_wconf 89' lang='lat' dir='ltr'><em>Isocratis</em></span> <span class='ocrx_word' id='word_1_275' title='bbox 1422 3376 1479 3428; x_wconf 90' lang='lat' dir='ltr'><em>et</em></span> <span class='ocrx_word' id='word_1_276' title='bbox 1511 3364 1785 3443; x_wconf 78' lang='lat' dir='ltr'><em>Stobaei‚</em></span> <span class='ocrx_word' id='word_1_277' title='bbox 1835 3390 2103 3451; x_wconf 80' lang='lat' dir='ltr'><em>quarum</em></span> <span class='ocrx_word' id='word_1_278' title='bbox 2146 3378 2472 3452; x_wconf 83' lang='lat' dir='ltr'><em>utramque</em></span> <span class='ocrx_word' id='word_1_279' title='bbox 2501 3392 2623 3453; x_wconf 84' lang='lat' dir='ltr'><em>per</em></span> <span class='ocrx_word' id='word_1_280' title='bbox 2662 3361 2768 3431; x_wconf 79' lang='lat' dir='ltr'>‘v.&#39;</span> <span class='ocrx_word' id='word_1_281' title='bbox 2819 3370 2912 3431; x_wconf 75' lang='lat' dir='ltr'><em>vel</em></span> 
     </span>
     <span class='ocr_line' id='line_1_30' title="bbox 312 3463 2909 3556; baseline 0.001 -23"><span class='ocrx_word' id='word_1_282' title='bbox 312 3495 426 3555; x_wconf 83' lang='lat' dir='ltr'><em>per</em></span> <span class='ocrx_word' id='word_1_283' title='bbox 464 3463 686 3553; x_wconf 79' lang='lat' dir='ltr'><em>‘vulg.&#39;</em></span> <span class='ocrx_word' id='word_1_284' title='bbox 736 3470 1022 3533; x_wconf 84' lang='lat' dir='ltr'><em>indicare</em></span> <span class='ocrx_word' id='word_1_285' title='bbox 1067 3470 1278 3550; x_wconf 83' lang='lat' dir='ltr'><em>solent,</em></span> <span class='ocrx_word' id='word_1_286' title='bbox 1327 3470 1610 3555; x_wconf 68' lang='lat' dir='ltr'><em>facilius</em></span> <span class='ocrx_word' id='word_1_287' title='bbox 1657 3472 1821 3533; x_wconf 81' lang='lat' dir='ltr'><em>inter</em></span> <span class='ocrx_word' id='word_1_288' title='bbox 1863 3493 1925 3533; x_wconf 92' lang='lat' dir='ltr'><em>se</em></span> <span class='ocrx_word' id='word_1_289' title='bbox 1972 3471 2455 3556; x_wconf 68' lang='lat' dir='ltr'><em>distinquerem:</em></span> <span class='ocrx_word' id='word_1_290' title='bbox 2502 3474 2731 3535; x_wconf 77' lang='lat' dir='ltr'><em>novavi</em></span> <span class='ocrx_word' id='word_1_291' title='bbox 2784 3475 2909 3547; x_wconf 81' lang='lat' dir='ltr'><em>hoc,</em></span> 
     </span>
     <span class='ocr_line' id='line_1_31' title="bbox 314 3573 2911 3661; baseline 0.001 -25"><span class='ocrx_word' id='word_1_292' title='bbox 314 3598 389 3637; x_wconf 73' lang='lat' dir='ltr'><em>‘ne</em></span> <span class='ocrx_word' id='word_1_293' title='bbox 435 3576 568 3658; x_wconf 64' lang='lat' dir='ltr'><em>ipse</em></span> <span class='ocrx_word' id='word_1_294' title='bbox 603 3597 704 3637; x_wconf 58' lang='lat' dir='ltr'><em>&gt;me</em></span> <span class='ocrx_word' id='word_1_295' title='bbox 750 3585 1082 3637; x_wconf 84' lang='lat' dir='ltr'><em>consorte-m</em></span> <span class='ocrx_word' id='word_1_296' title='bbox 1126 3573 1440 3637; x_wconf 84' lang='lat' dir='ltr'><em>redderem</em></span> <span class='ocrx_word' id='word_1_297' title='bbox 1499 3574 1938 3658; x_wconf 70' lang='lat' dir='ltr'><em>ambiyztitatis</em></span> <span class='ocrx_word' id='word_1_298' title='bbox 1983 3597 2024 3635; x_wconf 89' lang='lat' dir='ltr'><em>a</em></span> <span class='ocrx_word' id='word_1_299' title='bbox 2070 3575 2327 3637; x_wconf 79' lang='lat' dir='ltr'><em>Blassio</em></span> <span class='ocrx_word' id='word_1_300' title='bbox 2373 3576 2731 3661; x_wconf 75' lang='lat' dir='ltr'><em>Fuhrioqu&#39;e</em></span> <span class='ocrx_word' id='word_1_301' title='bbox 2801 3577 2911 3639; x_wconf 88' lang='lat' dir='ltr'><em>ad-</em></span> 
     </span>
     <span class='ocr_line' id='line_1_32' title="bbox 312 3678 2912 3765; baseline 0.002 -25"><span class='ocrx_word' id='word_1_302' title='bbox 312 3682 554 3759; x_wconf 78' lang='lat' dir='ltr'><em>missae,</em></span> <span class='ocrx_word' id='word_1_303' title='bbox 603 3680 716 3763; x_wconf 78' lang='lat' dir='ltr'><em>qui</em></span> <span class='ocrx_word' id='word_1_304' title='bbox 758 3678 963 3742; x_wconf 87' lang='lat' dir='ltr'><em>eodem</em></span> <span class='ocrx_word' id='word_1_305' title='bbox 1007 3680 1206 3763; x_wconf 70' lang='lat' dir='ltr'><em>siqno,</em></span> <span class='ocrx_word' id='word_1_306' title='bbox 1254 3701 1373 3762; x_wconf 82' lang='lat' dir='ltr'><em>quo</em></span> <span class='ocrx_word' id='word_1_307' title='bbox 1412 3680 1484 3741; x_wconf 82' lang='lat' dir='ltr'><em>in</em></span> <span class='ocrx_word' id='word_1_308' title='bbox 1514 3679 1669 3742; x_wconf 83' lang='lat' dir='ltr'><em>aliis</em></span> <span class='ocrx_word' id='word_1_309' title='bbox 1713 3678 2124 3765; x_wconf 78' lang='lat' dir='ltr'><em>scriptoribus</em></span> <span class='ocrx_word' id='word_1_310' title='bbox 2170 3680 2258 3742; x_wconf 89' lang='lat' dir='ltr'><em>ad</em></span> <span class='ocrx_word' id='word_1_311' title='bbox 2293 3681 2677 3745; x_wconf 80' lang='lat' dir='ltr'><em>indicandas</em></span> <span class='ocrx_word' id='word_1_312' title='bbox 2708 3682 2912 3744; x_wconf 85' lang='lat' dir='ltr'><em>diver-</em></span> 
     </span>
     <span class='ocr_line' id='line_1_33' title="bbox 319 3782 2917 3870; baseline 0.002 -26"><span class='ocrx_word' id='word_1_313' title='bbox 319 3806 526 3845; x_wconf 77' lang='lat' dir='ltr'><em>sorum</em></span> <span class='ocrx_word' id='word_1_314' title='bbox 571 3782 924 3846; x_wconf 86' lang='lat' dir='ltr'><em>scribarum</em></span> <span class='ocrx_word' id='word_1_315' title='bbox 969 3806 1194 3845; x_wconf 84' lang='lat' dir='ltr'><em>man-us</em></span> <span class='ocrx_word' id='word_1_316' title='bbox 1225 3792 1508 3865; x_wconf 79' lang='lat' dir='ltr'><em>utuntur,</em></span> <span class='ocrx_word' id='word_1_317' title='bbox 1558 3784 1627 3846; x_wconf 81' lang='lat' dir='ltr'><em>in</em></span> <span class='ocrx_word' id='word_1_318' title='bbox 1657 3784 1935 3846; x_wconf 87' lang='lat' dir='ltr'><em>Isocrate</em></span> <span class='ocrx_word' id='word_1_319' title='bbox 1975 3785 2063 3845; x_wconf 85' lang='lat' dir='ltr'><em>ad</em></span> <span class='ocrx_word' id='word_1_320' title='bbox 2103 3784 2576 3870; x_wconf 71' lang='lat' dir='ltr'><em>distinyuendos</em></span> <span class='ocrx_word' id='word_1_321' title='bbox 2606 3788 2917 3849; x_wconf 87' lang='lat' dir='ltr'><em>oratio-nis</em></span> 
     </span>
     <span class='ocr_line' id='line_1_34' title="bbox 321 3886 2917 3974; baseline 0.002 -26"><span class='ocrx_word' id='word_1_322' title='bbox 321 3888 576 3971; x_wconf 79' lang='lat' dir='ltr'><em>quintae</em></span> <span class='ocrx_word' id='word_1_323' title='bbox 636 3886 909 3951; x_wconf 90' lang='lat' dir='ltr'><em>decimae</em></span> <span class='ocrx_word' id='word_1_324' title='bbox 971 3886 1163 3950; x_wconf 84' lang='lat' dir='ltr'><em>libros</em></span> <span class='ocrx_word' id='word_1_325' title='bbox 1222 3886 1539 3950; x_wconf 80' lang='lat' dir='ltr'><em>adhibent.</em></span> <span class='ocrx_word' id='word_1_326' title='bbox 1633 3887 1852 3972; x_wconf 84' lang='lat' dir='ltr'><em>Itaque</em></span> <span class='ocrx_word' id='word_1_327' title='bbox 1900 3911 2027 3974; x_wconf 84' lang='lat' dir='ltr'><em>pro</em></span> <span class='ocrx_word' id='word_1_328' title='bbox 2091 3890 2177 3951; x_wconf 71' lang='lat' dir='ltr'><em>E2</em></span> <span class='ocrx_word' id='word_1_329' title='bbox 2211 3890 2300 3953; x_wconf 69' lang='lat'><em>(9¹²</em></span> <span class='ocrx_word' id='word_1_330' title='bbox 2323 3891 2434 3952; x_wconf 58' lang='lat'><em>,112</em></span> <span class='ocrx_word' id='word_1_331' title='bbox 2493 3889 2703 3974; x_wconf 70' lang='lat' dir='ltr'><em>vulg.⁹</em></span> <span class='ocrx_word' id='word_1_332' title='bbox 2768 3890 2917 3957; x_wconf 80' lang='lat' dir='ltr'><em>dedi</em></span> 
     </span>
     <span class='ocr_line' id='line_1_35' title="bbox 322 3989 2911 4079; baseline 0.002 -26"><span class='ocrx_word' id='word_1_333' title='bbox 322 3990 417 4053; x_wconf 79' lang='lat' dir='ltr'><em>Ea</em></span> <span class='ocrx_word' id='word_1_334' title='bbox 464 3991 537 4076; x_wconf 90' lang='lat' dir='ltr'><em>(i.</em></span> <span class='ocrx_word' id='word_1_335' title='bbox 576 4015 625 4055; x_wconf 89' lang='lat' dir='ltr'><em>e.</em></span> <span class='ocrx_word' id='word_1_336' title='bbox 676 3991 1136 4073; x_wconf 66' lang='lat' dir='ltr'><em>Ea(vu‹}ooemc))</em></span> <span class='ocrx_word' id='word_1_337' title='bbox 1197 3989 1519 4069; x_wconf 58' lang='grc' dir='ltr'><em>ΘωΛαςοι</em></span> <span class='ocrx_word' id='word_1_338' title='bbox 1563 4001 1639 4070; x_wconf 88' lang='lat' dir='ltr'><em>et,</em></span> <span class='ocrx_word' id='word_1_339' title='bbox 1688 3994 1748 4055; x_wconf 90' lang='lat' dir='ltr'><em>si</em></span> <span class='ocrx_word' id='word_1_340' title='bbox 1794 4004 2040 4055; x_wconf 77' lang='lat' dir='ltr'><em>cun-ctos</em></span> <span class='ocrx_word' id='word_1_341' title='bbox 2086 3994 2280 4055; x_wconf 87' lang='lat' dir='ltr'><em>libros</em></span> <span class='ocrx_word' id='word_1_342' title='bbox 2324 3995 2713 4079; x_wconf 59' lang='lat' dir='ltr'><em>significatos</em></span> <span class='ocrx_word' id='word_1_343' title='bbox 2756 3996 2911 4069; x_wconf 83' lang='lat' dir='ltr'><em>vol0,</em></span> 
     </span>
     <span class='ocr_line' id='line_1_36' title="bbox 321 4094 1920 4181; baseline 0.001 -24"><span class='ocrx_word' id='word_1_344' title='bbox 321 4094 465 4158; x_wconf 80' lang='lat' dir='ltr'><em>Is.⁰‘.</em></span> <span class='ocrx_word' id='word_1_345' title='bbox 515 4134 597 4142; x_wconf 91' lang='lat'>—</span> <span class='ocrx_word' id='word_1_346' title='bbox 644 4097 740 4159; x_wconf 92' lang='lat' dir='ltr'><em>De</em></span> <span class='ocrx_word' id='word_1_347' title='bbox 788 4098 1001 4159; x_wconf 89' lang='lat' dir='ltr'><em>ceteris</em></span> <span class='ocrx_word' id='word_1_348' title='bbox 1048 4098 1212 4158; x_wconf 86' lang='lat' dir='ltr'><em>notis</em></span> <span class='ocrx_word' id='word_1_349' title='bbox 1256 4095 1531 4158; x_wconf 85' lang='lat' dir='ltr'><em>disserui</em></span> <span class='ocrx_word' id='word_1_350' title='bbox 1566 4120 1636 4180; x_wconf 90' lang='lat' dir='ltr'><em>p.</em></span> <span class='ocrx_word' id='word_1_351' title='bbox 1688 4096 1837 4160; x_wconf 87' lang='lat' dir='ltr'><em>XII.</em></span> <span class='ocrx_word' id='word_1_352' title='bbox 1856 4096 1920 4181; x_wconf 70' lang='lat'><em>²¹⁸)</em></span> 
     </span>
    </p>
   </div>
   <div class='ocr_carea' id='block_1_3' title="bbox 322 4239 601 4247">
    <p class='ocr_par' dir='ltr' id='par_1_3' title="bbox 322 4239 601 4247">
     <span class='ocr_line' id='line_1_37' title="bbox 322 4239 601 4247; baseline 0 884"><span class='ocrx_word' id='word_1_353' title='bbox 322 4239 601 4247; x_wconf 95' lang='lat' dir='ltr'><em> </em></span> 
     </span>
    </p>
   </div>
   <div class='ocr_carea' id='block_1_4' title="bbox 608 4240 736 4247">
    <p class='ocr_par' dir='ltr' id='par_1_4' title="bbox 608 4240 736 4247">
     <span class='ocr_line' id='line_1_38' title="bbox 608 4240 736 4247; baseline 0 884"><span class='ocrx_word' id='word_1_354' title='bbox 608 4240 736 4247; x_wconf 95' lang='lat' dir='ltr'><em> </em></span> 
     </span>
    </p>
   </div>
   <div class='ocr_carea' id='block_1_5' title="bbox 322 4297 2917 4630">
    <p class='ocr_par' dir='ltr' id='par_1_5' title="bbox 322 4297 2917 4630">
     <span class='ocr_line' id='line_1_39' title="bbox 521 4297 2917 4368; baseline 0.003 -22"><span class='ocrx_word' id='word_1_355' title='bbox 521 4297 576 4365; x_wconf 79' lang='lat'><em>*)&#39;</em></span> <span class='ocrx_word' id='word_1_356' title='bbox 595 4298 663 4347; x_wconf 84' lang='lat' dir='ltr'><em>Et</em></span> <span class='ocrx_word' id='word_1_357' title='bbox 683 4315 796 4368; x_wconf 83' lang='lat' dir='ltr'><em>cum</em></span> <span class='ocrx_word' id='word_1_358' title='bbox 816 4298 1187 4348; x_wconf 80' lang='lat' dir='ltr'><em>Analectorum</em></span> <span class='ocrx_word' id='word_1_359' title='bbox 1206 4299 1391 4349; x_wconf 83' lang='lat' dir='ltr'><em>horum</em></span> <span class='ocrx_word' id='word_1_360' title='bbox 1409 4314 1590 4347; x_wconf 77' lang='lat' dir='ltr'><em>novem</em></span> <span class='ocrx_word' id='word_1_361' title='bbox 1609 4298 1719 4347; x_wconf 86' lang='lat' dir='ltr'><em>iam</em></span> <span class='ocrx_word' id='word_1_362' title='bbox 1738 4300 2106 4362; x_wconf 77' lang='lat' dir='ltr'><em>quaterniones</em></span> <span class='ocrx_word' id='word_1_363' title='bbox 2126 4302 2220 4365; x_wconf 81' lang='lat' dir='ltr'><em>qui</em></span> <span class='ocrx_word' id='word_1_364' title='bbox 2238 4302 2488 4352; x_wconf 78' lang='lat' dir='ltr'><em>dicuntur</em></span> <span class='ocrx_word' id='word_1_365' title='bbox 2507 4302 2650 4367; x_wconf 77' lang='lat' dir='ltr'><em>typis</em></span> <span class='ocrx_word' id='word_1_366' title='bbox 2676 4303 2917 4366; x_wconf 76' lang='lat' dir='ltr'><em>expressi</em></span> 
     </span>
     <span class='ocr_line' id='line_1_40' title="bbox 322 4380 2916 4454; baseline 0.002 -20"><span class='ocrx_word' id='word_1_367' title='bbox 322 4390 502 4440; x_wconf 79' lang='lat' dir='ltr'><em>essent,</em></span> <span class='ocrx_word' id='word_1_368' title='bbox 524 4384 713 4448; x_wconf 24' lang='lat' dir='ltr'><em>&#39;editus</em></span> <span class='ocrx_word' id='word_1_369' title='bbox 750 4393 823 4435; x_wconf 88' lang='lat' dir='ltr'><em>est</em></span> <span class='ocrx_word' id='word_1_370' title='bbox 861 4386 996 4436; x_wconf 85' lang='lat' dir='ltr'><em>liber</em></span> <span class='ocrx_word' id='word_1_371' title='bbox 1028 4381 1314 4452; x_wconf 72' lang='lat' dir='ltr'><em>‘Ille‘la‘nyes</em></span> <span class='ocrx_word' id='word_1_372' title='bbox 1354 4380 1557 4435; x_wconf 77' lang='lat' dir='ltr'><em>Graux&#39;</em></span> <span class='ocrx_word' id='word_1_373' title='bbox 1600 4385 1857 4450; x_wconf 85' lang='lat' dir='ltr'><em>(Parisiis</em></span> <span class='ocrx_word' id='word_1_374' title='bbox 1902 4389 2056 4448; x_wconf 81' lang='lat'><em>1884)</em></span> <span class='ocrx_word' id='word_1_375' title='bbox 2095 4389 2394 4452; x_wconf 80' lang='lat' dir='ltr'><em>inscriptus,</em></span> <span class='ocrx_word' id='word_1_376' title='bbox 2432 4390 2489 4439; x_wconf 81' lang='lat' dir='ltr'><em>in</em></span> <span class='ocrx_word' id='word_1_377' title='bbox 2526 4408 2627 4454; x_wconf 84' lang='lat' dir='ltr'><em>quo</em></span> <span class='ocrx_word' id='word_1_378' title='bbox 2653 4389 2916 4452; x_wconf 79' lang='lat' dir='ltr'><em>Alfreclus</em></span> 
     </span>
     <span class='ocr_line' id='line_1_41' title="bbox 324 4468 2917 4542; baseline 0.002 -21"><span class='ocrx_word' id='word_1_379' title='bbox 324 4469 552 4522; x_wconf 71' lang='lat' dir='ltr'><em>Schoene</em></span> <span class='ocrx_word' id='word_1_380' title='bbox 584 4468 668 4520; x_wconf 81' lang='lat' dir='ltr'><em>‘de</em></span> <span class='ocrx_word' id='word_1_381' title='bbox 703 4472 969 4523; x_wconf 81' lang='lat' dir='ltr'><em>Isocratis</em></span> <span class='ocrx_word' id='word_1_382' title='bbox 989 4492 1197 4540; x_wconf 78' lang='lat' dir='ltr'><em>papyro</em></span> <span class='ocrx_word' id='word_1_383' title='bbox 1217 4474 1546 4524; x_wconf 64' lang='lat' dir='ltr'><em>Elassiliensi</em></span> <span class='ocrx_word' id='word_1_384' title='bbox 1582 4476 1766 4542; x_wconf 87' lang='lat' dir='ltr'><em>(Isocr.</em></span> <span class='ocrx_word' id='word_1_385' title='bbox 1786 4476 1873 4528; x_wconf 87' lang='lat' dir='ltr'><em>ad.</em></span> <span class='ocrx_word' id='word_1_386' title='bbox 1893 4475 2156 4526; x_wconf 80' lang='lat' dir='ltr'><em>Nicoclem</em></span> <span class='ocrx_word' id='word_1_387' title='bbox 2181 4484 2209 4537; x_wconf 63' lang='grc' dir='ltr'><em>ς’</em></span> <span class='ocrx_word' id='word_1_388' title='bbox 2238 4473 2439 4542; x_wconf 79' lang='grc'><em>1-30)’</em></span> <span class='ocrx_word' id='word_1_389' title='bbox 2462 4485 2828 4528; x_wconf 82' lang='lat' dir='ltr'><em>commentat-us</em></span> <span class='ocrx_word' id='word_1_390' title='bbox 2859 4477 2917 4527; x_wconf 69' lang='lat' dir='ltr'><em>i‘n</em></span> 
     </span>
     <span class='ocr_line' id='line_1_42' title="bbox 325 4558 2913 4630; baseline 0.003 -22"><span class='ocrx_word' id='word_1_391' title='bbox 325 4559 488 4608; x_wconf 86' lang='lat' dir='ltr'><em>lucem</em></span> <span class='ocrx_word' id='word_1_392' title='bbox 526 4558 695 4610; x_wconf 85' lang='lat' dir='ltr'><em>emisit</em></span> <span class='ocrx_word' id='word_1_393' title='bbox 724 4560 1023 4624; x_wconf 80' lang='lat' dir='ltr'><em>scripturae</em></span> <span class='ocrx_word' id='word_1_394' title='bbox 1057 4562 1355 4629; x_wconf 79' lang='lat' dir='ltr'><em>relliquias,</em></span> <span class='ocrx_word' id='word_1_395' title='bbox 1390 4580 1524 4626; x_wconf 80' lang='lat' dir='ltr'><em>quas</em></span> <span class='ocrx_word' id='word_1_396' title='bbox 1542 4562 1766 4612; x_wconf 82' lang='lat' dir='ltr'><em>sedecim</em></span> <span class='ocrx_word' id='word_1_397' title='bbox 1795 4562 2078 4613; x_wconf 80' lang='lat' dir='ltr'><em>schedulae</em></span> <span class='ocrx_word' id='word_1_398' title='bbox 2098 4580 2433 4629; x_wconf 76' lang='lat' dir='ltr'><em>papyraceae</em></span> <span class='ocrx_word' id='word_1_399' title='bbox 2452 4562 2811 4630; x_wconf 78' lang='lat' dir='ltr'><em>Aeyyptiacae</em></span> <span class='ocrx_word' id='word_1_400' title='bbox 2847 4566 2913 4615; x_wconf 88' lang='lat' dir='ltr'><em>ab</em></span> 
     </span>
    </p>
   </div>
  </div>
 </body>
</html>
