3237 5131
433 1511 754 1594 Isocrates
788 1524 1109 1591 Theodori
1139 1525 1308 1590 fflius
1343 1546 1421 1590 ex
1452 1525 1693 1589 Erchia
1735 1545 1905 1608 pago
1938 1525 2153 1590 Attico
2202 1547 2235 1592 o

232 1621 325 1681 est
386 1617 667 1698 quinque
729 1615 913 1679 annis
982 1620 1132 1680 ante
1204 1619 1498 1678 exortum
1558 1611 1801 1678 bellum
1860 1612 2231 1695 Peloponne

225 1703 446 1785 paucis
511 1702 737 1768 diebus
797 1707 946 1783 post
1008 1702 1415 1766 commissam
1476 1721 1759 1783 pugnam
1823 1697 2233 1765 Chaeronens

226 1791 434 1872 spatio
467 1810 837 1872 quanquam
864 1794 968 1852 ter
996 1787 1343 1853 humanam
1377 1792 1662 1852 aetatem
1689 1785 1969 1869 explevit
1997 1793 2225 1870 terque

222 1877 382 1941 vidit
424 1899 528 1941 res
576 1876 879 1957 Graecas,
927 1871 1146 1939 tamen
1191 1876 1341 1940 inde
1390 1895 1470 1938 ex
1516 1893 1592 1938 eo
1640 1880 1952 1956 tempore,
2002 1895 2082 1940 ex
2126 1896 2235 1957 qu<

221 1964 495 2045 publicis
558 1964 832 2035 sentiret
890 1962 1218 2045 professus
1288 1968 1405 2041 est,
1486 1983 1683 2025 unam
1746 1962 2148 2043 eandemque
2210 1984 2235 2026 s

223 2051 585 2115 doctrinam
629 2071 759 2115 non
807 2049 1086 2114 destitit:
1134 2050 1506 2115 bellandum
1555 2069 1696 2113 esse
1745 2054 1972 2112 contra
2015 2049 2235 2114 Persas

221 2137 488 2202 Graecis
548 2139 719 2201 inter
763 2159 831 2201 se
877 2137 1328 2201 reconciliatis.
1421 2136 1646 2217 Neque
1689 2136 1889 2217 igitur
1932 2135 2165 2200 mirum
2210 2157 2235 2217 c

219 2230 458 2306 terunt,
493 2226 603 2306 qui
650 2230 975 2288 oratorem
1019 2224 1258 2288 acriter
1300 2223 1728 2306 vituperarint
1775 2221 2235 2287 conclamantes

217 2313 500 2393 pientius
537 2312 808 2394 cogitari
838 2311 1044 2393 possit
1075 2332 1268 2392 quam
1297 2310 1624 2375 hominem
1658 2315 1883 2374 contra
1913 2310 2235 2375 Persarun

216 2399 596 2464 incitantem
646 2420 722 2462 eo
767 2404 1078 2480 tempore,
1128 2419 1273 2462 cum
1317 2397 1423 2462 hic
1467 2397 1725 2462 illorum
1770 2419 1874 2461 res
1908 2398 2165 2462 omnino
2211 2420 2235 2461 1

217 2491 331 2550 aut
377 2487 483 2550 vix
531 2488 896 2568 attingeret.
952 2485 1037 2548 Et
1082 2507 1275 2549 unam
1324 2491 1501 2550 certe
1546 2506 1687 2549 rem
1730 2485 1903 2549 idem
1953 2484 2233 2568 explicat

217 2574 335 2638 viri
407 2576 505 2638 sui
564 2574 995 2638 constantiam
1059 2579 1237 2637 recte
1307 2574 1919 2652 animadverterunt,
1985 2594 2129 2637 cum
2188 2573 2235 2636 Ι(

217 2661 461 2726 saeculi
505 2660 830 2725 hominum
878 2661 1159 2725 consiliis
1209 2665 1273 2723 et
1318 2661 1756 2725 voluntatibus
1803 2660 1967 2724 adeo
2013 2659 2235 2726 inhaes

215 2769 434 2813 rerum
465 2749 692 2830 quibus
733 2768 972 2830 genera
1016 2748 1425 2828 insequentia
1457 2748 1842 2811 studuerunt
1871 2753 2139 2830 propter
2166 2749 2234 2812 in

219 2836 418 2899 animi
449 2835 827 2900 tarditatem
859 2835 1322 2916 segnitiemque
1355 2835 1704 2899 admodum
1732 2855 1923 2915 aegre
1955 2835 2235 2899 rationer

217 2923 520 2998 Quamvis
567 2929 785 2987 autem
831 2922 961 2986 alte
1009 2941 1174 3002 quae
1220 2942 1382 3004 puer
1428 2922 1748 2986 didicerat
1806 2921 2178 3003 iuvenisque
2223 2943 2235 2965 ¹

212 3009 279 3071 in
329 3010 615 3073 animum
664 3009 1133 3087 descenderint,
1196 3014 1415 3073 tamen
1463 3009 1701 3073 adduci
1744 3029 1995 3090 nequeo
2030 3005 2115 3072 ht
2157 3014 2235 3072 ta:

210 3096 394 3177 tique
440 3096 696 3177 ingenio
745 3095 1096 3160 Isocratem
1156 3095 1353 3160 fuisse
1416 3097 1696 3175 credam,
1758 3101 1831 3160 ut
1876 3116 2235 3178 quaecunq1

211 3204 341 3247 non
392 3183 662 3246 sentiret
704 3184 927 3263 utique
972 3204 1138 3246 vana
1181 3182 1491 3265 irritaque
1554 3184 1729 3247 dicta
1795 3204 1951 3247 esse.
2045 3183 2190 3248 Scio

211 3291 341 3333 non
391 3270 597 3334 solum
642 3291 831 3351 posse
881 3270 1234 3351 excogitari
1279 3271 1394 3334 sed
1437 3270 1635 3335 fuisse
1685 3271 1879 3334 etiam
1926 3292 2039 3335 cur
2084 3274 2235 3336 orat«

211 3356 294 3420 ad
342 3357 515 3421 vitae
584 3379 767 3421 usum
829 3357 1166 3421 transferri
1226 3357 1494 3439 nequire
1551 3358 1738 3421 tarde
1799 3358 2163 3440 perciperet
2206 3396 2235 3404 —

209 3443 308 3507 sui
356 3444 596 3525 ingenii
643 3464 928 3507 amorem
975 3449 1041 3507 et
1084 3464 1407 3508 recessum
1454 3445 1519 3507 in
1565 3465 1691 3526 quo
1740 3466 1779 3508 a
1823 3445 1947 3508 fori
2001 3445 2144 3509 luce
2203 3466 2235 3526 p

211 3535 276 3593 et
323 3530 714 3596 clamoribus
758 3537 1064 3610 remotus,
1112 3552 1277 3612 quae
1324 3552 1469 3595 eum
1515 3531 1791 3596 fortasse
1839 3532 1918 3595 de
1963 3530 2116 3596 ficta
2162 3553 2235 3600 su

206 3639 440 3681 narum
488 3618 862 3682 condicione
908 3640 1036 3681 non
1084 3617 1416 3697 celassent,
1463 3640 1581 3701 per
1620 3623 1826 3683 totam
1856 3620 2054 3683 vitam
2099 3620 2235 3683 latu

207 3703 334 3767 hoc
384 3724 637 3785 quoque
683 3711 860 3769 recte
906 3706 1170 3787 inquam
1213 3711 1529 3785 monetur,
1577 3710 1796 3770 tamen
1841 3727 1978 3771 rem
2015 3726 2145 3771 non
2191 3728 2235 3770 c«

431 3896 463 3966 ¹)
500 3896 836 3966 Hermippus
892 3898 999 3965 (ap.
1037 3896 1200 3965 Diog.
1247 3897 1310 3949 L.
1357 3898 1412 3950 H
1459 3897 1547 3966 55)
1598 3901 1793 3951 auctor
1841 3902 1924 3951 est
1971 3899 2235 3953 Isocrate1

201 3983 385 4037 filium
434 3983 683 4052 Gryllum
727 3984 938 4052 proelio
986 3984 1360 4039 Mantineensi
1411 3985 1652 4039 occisum
1705 3985 2081 4039 laudationem
2134 3987 2235 4041 scri

203 4075 395 4125 autem
433 4072 628 4125 eodem
663 4089 733 4125 ex
766 4089 912 4141 pago
950 4076 1101 4126 ortus
1140 4075 1250 4126 est:
1289 4073 1336 4126 si
1371 4072 1545 4141 igitur
1578 4072 1839 4126 Isocratis
1877 4078 1996 4127 erat
2020 4073 2235 4127 laudati¹

201 4159 641 4213 consolationem
666 4159 960 4228 obtulerat,
1000 4159 1084 4212 sin
1109 4160 1311 4229 spuria,
1350 4160 1572 4215 falsario
1596 4162 1718 4229 ipsa
1741 4157 2120 4232 Xenophontis
2141 4167 2196 4217 et
2219 4163 2235 4216 ]

202 4246 364 4314 origo
404 4247 758 4301 subiciendae
796 4247 1060 4301 orationis
1099 4265 1287 4301 ansam
1313 4248 1556 4317 dederat,
1593 4249 1675 4303 ita
1710 4254 1773 4303 ut
1795 4250 1949 4304 nulla
1971 4250 2187 4305 ratione
2213 4251 2235 4303 o*

198 4333 328 4387 niae
356 4336 490 4386 nato
515 4334 846 4387 laudationis
873 4339 1107 4391 auctore
1123 4336 1369 4407 cogitare
1389 4354 1668 4407 cogamur,
1695 4337 1754 4390 id
1779 4337 1927 4407 quod
1949 4337 2191 4392 Blassius
2219 4339 2235 4407 (

199 4420 353 4474 fecit.
427 4419 702 4490 Equidem
738 4440 960 4478 causam
995 4440 1107 4478 non
1142 4422 1302 4481 video
1338 4442 1437 4481 cur
1473 4426 1777 4498 Hermippo
1813 4425 1979 4482 fidem
2016 4426 2235 4496 denego]

304 4535 352 4576 K
363 4545 391 4575 e
405 4536 422 4575 i
435 4535 467 4588 1,
494 4536 719 4578 Analecta
744 4538 986 4581 Isocrateo..
